4560 6030
275 1303 357 1401 Dc
395 1303 611 1419 ratione,
651 1334 750 1432 qua
773 1299 952 1396 Livius
981 1297 1034 1391 in
1066 1296 1209 1393 libris
1238 1296 1569 1393 historiarum
1599 1297 1986 1450 conscribendis

548 1494 674 1557 usus
712 1475 986 1588 cstuopcrc
1022 1452 1327 1586 Polybiano,
1361 1452 1715 1586 disputationis

998 1628 1146 1721 patlitllt
1164 1628 1266 1720 print

919 2046 1369 2184 Praelatio.⁸

278 2261 330 2356 ln
353 2287 446 2353 rebus
473 2287 604 2373 cujusvis
632 2285 740 2351 aetatis
763 2287 940 2352 enarrandis
969 2289 1031 2352 veri
1061 2285 1197 2352 studium
1219 2285 1358 2350 virtutem
1387 2304 1452 2350 esse
1479 2284 1659 2370 scriptorum
1691 2287 1987 2372 praestantissimam,

277 2395 347 2481 quis
371 2403 425 2474 est,
450 2395 503 2482 qui
528 2402 638 2480 negett
683 2393 884 2481 Quapropter
906 2395 1013 2462 Cicero
1037 2403 1060 2471 ¹)
1084 2393 1255 2480 primariam
1284 2391 1433 2478 significet
1454 2391 1598 2459 historiae
1620 2393 1733 2479 legem,
1763 2416 1802 2460 ne
1825 2396 1899 2483 quid
1922 2395 1987 2464 tnsi

276 2501 379 2569 dicere
402 2502 526 2578 audeat;
549 2501 668 2579 deinde,
691 2523 729 2567 ne
752 2501 826 2589 quid
850 2502 912 2567 veri
936 2524 998 2568 non
1020 2501 1138 2568 audeat.
1170 2507 1205 2566 ln
1224 2500 1373 2566 rationem
1396 2500 1488 2586 igitur
1510 2500 1675 2588 inquirenti
1698 2499 1782 2582 mibi,
1806 2524 1885 2591 quae
1907 2506 1987 2572 inter

277 2607 398 2674 bivium
422 2610 588 2676 intercedat
608 2618 639 2676 et
652 2610 822 2697 Polybium,
845 2610 982 2676 omnium
1005 2631 1108 2676 rerum
1130 2630 1165 2674 ee
1180 2607 1298 2675 ridetur
1313 2629 1377 2675 esse
1398 2608 1583 2694 gravissima,
1605 2616 1641 2674 ut
1663 2609 1794 2696 primum
1819 2612 1986 2699 indagetur,

276 2734 351 2778 num
375 2716 519 2802 Polybius
540 2740 589 2784 res
611 2727 709 2804 gestes
733 2720 794 2784 veri
818 2718 920 2785 studio
943 2718 1051 2785 ductus
1074 2725 1105 2783 et
1127 2717 1258 2804 potuerit
1279 2725 1309 2783 et
1331 2716 1460 2782 voluerit
1481 2738 1647 2803 exponere;
1675 2740 1737 2806 quo
1760 2717 1924 2808 {explorato
1948 2745 1985 2789 eo

275 2820 396 2889 lucilius
419 2825 585 2911 apparebit,
608 2848 669 2914 qua
691 2827 809 2894 ratione
824 2828 928 2893 Livius
950 2826 980 2891 in
1003 2825 1135 2891 historiis
1158 2823 1380 2890 conscribendis
1404 2845 1477 2890 usus
1499 2824 1538 2889 sit
1559 2847 1651 2912 opere
1666 2826 1849 2914 Polybinno;
1872 2851 1942 2895 nam
1959 2830 1985 2896 si

270 2930 487 3021 lltomanorum
504 2934 716 3000 historicorum
734 2936 871 3023 princeps
888 2937 929 3001 ita
944 2933 982 3000 de
996 2933 1251 3020 Megalopolitano
1270 2931 1444 3020 judicasset,
1466 2940 1502 2997 ut
1523 2940 1553 2997 et
1576 2933 1654 2998 inter
1668 2934 1811 3023 antiquos
1826 2935 1988 3024 scriptores

278 3038 445 3126 Dionysius
466 3042 755 3121 Halicarnassensis,
779 3044 832 3131 qui
863 3066 934 3110 eum
956 3042 1039 3130 gregi
1062 3041 1272 3107 historicorum
1296 3039 1521 3117 adnumerato
1545 3039 1672 3126 ejusque
1699 3039 1792 3106 libros
1814 3050 1875 3109 tam
1899 3065 1990 3131 prave

279 3149 409 3235 scriptos
431 3170 498 3236 esse
521 3151 603 3228 dicit,
625 3160 660 3217 ut
682 3173 772 3217 nemo
796 3173 849 3217 eos
863 3152 1019 3239 perlegere
1042 3150 1137 3237 possit
1155 3154 1182 3231 ³)
1204 3157 1234 3214 et
1255 3148 1414 3214 recentiori
1437 3157 1575 3235 tempore
1590 3148 1644 3212 riri
1660 3147 1740 3243 docti
1765 3151 1910 3230 nonnulli,
1935 3154 1988 3240 qui

281 3255 362 3321 illius
384 3258 539 3345 scriptoris
561 3248 631 3325 fidei
655 3260 863 3326 obtrectarunt
878 3281 1007 3347 eamque
1022 3258 1214 3324 vehementer
1228 3256 1259 3322 in
1275 3256 1401 3322 dubium
1418 3263 1564 3321 vocarunt
1575 3262 1610 3337 ⁴),
1632 3256 1766 3343 prolecto
1782 3258 1848 3346 ejus
1864 3262 1988 3350 vestigia

280 3386 343 3430 non
366 3374 445 3431 esset
466 3375 597 3445 secutus,
620 3366 673 3432 sed
696 3369 821 3435 omnino
844 3369 992 3434 auxilium
1015 3366 1216 3452 repudiasset,
1239 3364 1322 3453 qnod
1343 3381 1447 3430 revera
1469 3362 1598 3449 saepius,
1620 3385 1713 3449 quam
1736 3367 1838 3432 multis
1861 3368 1989 3450 videtur,

280 3474 319 3537 ab
342 3494 380 3538 eo
403 3475 498 3560 petiit.
545 3475 652 3561 Neque
676 3496 756 3554 vero,
781 3475 838 3541 bac
860 3485 945 3563 parte
968 3473 1180 3560 disputationis
1202 3473 1351 3552 absolute,
1375 3471 1541 3538 omittenda
1564 3479 1610 3537 est
1630 3474 1769 3559 quaestio
1792 3474 1829 3540 de
1852 3478 1988 3557 consilio,

281 3581 364 3667 quod
388 3581 445 3646 luit
467 3564 590 3668 utrique
612 3590 643 3646 et
664 3583 790 3670 Polybio
814 3593 844 3649 et
865 3584 953 3650 Livio
976 3584 1008 3648 in
1029 3583 1172 3670 operibus
1194 3583 1255 3647 suis
1277 3580 1457 3654 condendis:
1485 3600 1554 3645 num
1577 3579 1601 3643 si
1626 3580 1787 3665 probatum
1810 3585 1882 3663 erit,
1906 3587 1988 3653 aliud

280 3707 346 3751 esse
369 3698 506 3754 secutum
529 3689 699 3776 Polybium,
722 3691 804 3757 aliud
828 3691 956 3766 Livium,
979 3712 1040 3755 non
1063 3691 1191 3777 amplius
1213 3690 1399 3765 mirabimur,
1422 3688 1502 3753 bunc
1524 3687 1701 3773 scriptorem
1725 3711 1762 3754 ex
1782 3692 1909 3778 Polybio
1932 3695 1989 3759 alia

280 3795 368 3861 avide
390 3796 612 3883 deprompsisse
634 3805 665 3862 et
686 3799 823 3863 oratione
846 3799 1057 3886 amplificasse,
1086 3800 1143 3864 aliu
1172 3799 1280 3864 intaeta
1309 3797 1468 3884 reliquisse
1496 3803 1550 3861 aut
1578 3795 1697 3860 brevius
1720 3806 1800 3862 certe
1824 3801 1908 3887 operi
1932 3823 1988 3869 suo

280 3901 454 3969 inseruisse.
505 3903 598 3984 Quod
627 3906 679 3969 ubi
708 3906 879 3992 expositum
909 3914 968 3983 est,
997 3927 1071 3971 are
1099 3927 1161 3970 non
1189 3904 1319 3971 alienum
1342 3896 1492 3970 vimbitur
1520 3902 1550 3967 in
1573 3901 1708 3968 medium
1737 3902 1886 3989 prolerre,
1915 3908 1990 3995 quid

282 4010 385 4075 Livius
409 4012 472 4097 ipse
495 4013 533 4078 de
555 4013 681 4100 Polybio
704 4014 831 4080 senserit
853 4016 1024 4101 quantique
1049 4035 1119 4078 eum
1143 4014 1173 4076 in
1196 4014 1287 4077 rebus
1309 4011 1473 4077 memoriae
1497 4009 1674 4076 mandandis
1696 4012 1907 4084 aestimaverit.
1936 4017 1991 4083 llis

281 4119 512 4203 quaestionibus
534 4121 680 4186 absolutis
699 4123 761 4209 jam
786 4123 910 4209 propius
933 4122 969 4186 ad
994 4122 1033 4199 id,
1057 4121 1138 4208 quod
1163 4121 1350 4207 propositum
1373 4129 1427 4198 est,
1449 4118 1641 4193 accedemus;
1664 4141 1724 4205 qua
1747 4119 1778 4185 in
1801 4142 1833 4187 re
1856 4132 1891 4189 ut
1908 4103 1991 4211 justo

281 4224 391 4291 ordine
413 4229 657 4315 progrediamur,
686 4230 816 4316 primum
841 4229 1003 4295 videndum
1028 4230 1101 4306 erit,
1134 4228 1309 4316 quaefacta
1333 4230 1363 4293 in
1386 4228 1529 4315 operibus
1551 4228 1614 4292 suis
1635 4237 1755 4295 narrata
1777 4232 1898 4319 utrique
1920 4234 1992 4300 scri·

281 4336 361 4420 ptori
390 4337 451 4401 sint
479 4337 669 4412 communia,
701 4358 738 4403 ex
767 4338 941 4426 quibusque
970 4338 1103 4404 lontibus
1133 4347 1261 4424 uterque
1291 4336 1502 4403 communibus
1529 4357 1584 4402 sua
1611 4336 1760 4411 hauserit;
1784 4338 1906 4418 deinde,
1930 4363 1990 4430 qua

281 4442 399 4510 ratione
422 4446 525 4511 Livius
547 4466 639 4532 opere
661 4446 827 4533 Polybiano
849 4440 924 4512 usus
947 4447 993 4523 sit,
1017 4468 1108 4534 quam
1132 4445 1356 4511 accuratissime
1379 4444 1593 4532 exponendum
1616 4451 1669 4508 est.

352 4623 363 4677 l
396 4624 437 4678 De
455 4622 528 4678 Orat
546 4621 578 4676 ll.
597 4638 619 4676 c.
641 4621 679 4676 to.
1078 4676 1090 4690 ,

350 4625 379 4780 2l
396 4708 489 4780 Anllq.
506 4708 586 4764 Rom.
603 4708 622 4763 l.
641 4706 696 4762 (ὶὸ.
715 4715 845 4777 Πολυβίου
863 4713 944 4760 καί-
955 4713 1051 4779 μυρίων
1068 4709 1156 4763 ἄλλων.
1175 4705 1228 4760 αἶ.
1248 4709 1261 4776 iy
1280 4707 1437 4774 Πολύβιονῆ
1454 4707 1503 4758 τῶν
1520 4706 1600 4759 ἄλλων
1610 4704 1664 4758 τινὰ
1674 4707 1844 4776 συγγραφέων.
1879 4708 1898 4763 l.
1917 4725 1938 4764 c.
1950 4709 1986 4767 32

279 4799 313 4863 ὥς
330 4805 359 4854 dd
373 4820 436 4858 τινες
452 4799 602 4868 ἱστοροῦσιν,
621 4793 654 4849 ὧν
670 4802 720 4849 ἐστι
739 4800 780 4848 καὶ
797 4795 927 4864 Πολύβιος
943 4792 957 4848 ὃ
975 4799 1191 4865 Μεγαλοπολίτης.

288 4952 291 4959 Ι
351 4885 380 4954 3)
400 4884 441 4937 lle
459 4897 547 4952 comp.
565 4882 640 4938 verb.
659 4881 723 4935 cd

349 4973 378 5041 4)
396 4967 544 5039 Praecipue
562 4967 724 5023 nominandi
743 4975 805 5022 sunt
823 4964 995 5022 Beckerus
1015 4965 1192 5033 (ttorcrbeltcn
1214 4978 1243 5034 yn
1267 4965 1332 5018 nnn
1352 4964 1483 5032 balbinus
1508 4968 1551 5019 tte
1570 4964 1670 5031 intlten
1687 4966 1815 5031 onolton
1833 4969 1947 5038 triecto)
1967 4977 1994 5024 et

281 5056 482 5128 Herzogius
502 5055 668 5124 (occultate
686 5055 741 5125 3¹¹ss
760 5051 818 5109 ittet
837 5054 874 5108 ote
893 5054 993 5121 ttlpen).
1769 5121 1782 5184 ¹
