4560 6030
936 383 1336 452 ο-κ-ὠιη

279 557 441 629 Hrnestius
461 559 502 639 Π)
524 556 665 624 vanitatis
685 564 720 624 et
738 556 876 623 inscitiae
892 574 1038 623 ¹accessere
1058 557 1195 643 pausuli
1214 557 1404 644 Appianum,
1433 558 1494 646 qui
1509 575 1577 625 uas
1592 557 1661 624 loeo
1682 563 1860 623 aesneatn
1881 556 1997 623 nerd-

282 674 332 733 tus
353 665 470 732 laetam
488 662 563 729 dioit
583 666 831 751 comprobatum,
866 664 962 731 altere
984 684 1056 730 rme
1079 664 1147 730 loce
1168 663 1295 730 οοοοοιο
1316 682 1381 731 ram
1403 664 1442 731 ad
1471 666 1620 753 plebem
1647 665 1752 734 relort.
1797 665 1871 745 Quo
1893 663 1994 731 minus
2064 650 2070 660 ”

280 795 387 842 emere
407 770 540 862 quodam
563 780 685 859 captum
708 773 883 861 Appianum
911 780 1094 850 muamus,
1129 772 1262 839 maxime
1281 771 1426 859 Polybius
1453 782 1485 839 at
1505 773 1609 840 Livius
1638 793 1694 840 nos
1709 772 1909 860 impediunt,
1940 771 1994 860 qui

195 958 201 987 x
282 902 356 951 rone
378 879 674 966 Carthaginiensium
696 900 786 967 saepe
808 881 849 946 ita
871 887 1015 963 utuntur,
1038 889 1073 947 ut
1095 879 1187 947 ruodo
1209 889 1363 958 sanatum
1386 878 1479 946 modo
1500 880 1637 967 plebem,
1657 898 1879 969 nonnunquam
1901 880 1994 946 ο11οιο

281 1001 420 1060 matum
448 1008 519 1054 aum
547 987 634 1074 ρΙοοο
662 990 719 1055 sub
747 1010 782 1054 ea
810 989 1047 1074 intempesta).
1091 987 1125 1055 Si
1148 996 1304 1076 praeterea
1325 990 1487 1055 Ernestius
1513 988 1631 1055 senatui
1655 988 1780 1055 liberam
1810 998 1876 1054 tum
1906 997 1995 1076 pets-

279 1110 389 1169 ·nam
413 1099 451 1163 aa
474 1095 584 1161 atreus
605 1097 696 1162 rana
718 1096 899 1162 nemean
922 1116 983 1164 non
1007 1096 1099 1163 aaran
1121 1095 1311 1185 caeteraque
1333 1096 1404 1162 reae
1424 1096 1546 1182 colligit
1569 1074 1792 1185 ᾳοοοοορο
1807 1107 1848 1177 τι)
1862 1106 1994 1167 ..unere

271 1217 436 1277 vsenatus
459 1211 580 1270 morhro
602 1203 791 1271 Hasdrubale
813 1205 852 1271 ab
882 1205 968 1270 initio
991 1204 1225 1292 exspectaverit,
1260 1204 1299 1269 ed
1326 1225 1418 1292 quem
1449 1212 1621 1292 spertarent
1641 1205 1772 1271 militurn
1795 1206 1825 1270 in
1848 1206 1993 1291 Hispania

281 1317 375 1386 animi
403 1325 435 1379 et
461 1312 543 1400 quad
571 1322 693 1399 accepto
724 1314 831 1379 nuntio
853 1313 891 1379 de
919 1312 1048 1400 imperio
1069 1311 1232 1379 Hannibali
1256 1313 1294 1378 ab
1317 1314 1454 1380 exercitu
1480 1313 1580 1381 delata
1608 1315 1777 1401 populus
1798 1315 1899 1380 statim
1923 1333 1993 1382 cou-

281 1434 406 1495 roeatus
428 1423 456 1488 ei
478 1421 627 1487 universis
648 1421 799 1506 suffragiis
828 1419 989 1508 imparium
1016 1419 1256 1498 confirmaverit,
1293 1420 1427 1507 primum
1455 1429 1561 1487 contra
1590 1420 1664 1486 haec
1693 1422 1879 1489 monendum
1903 1422 1991 1490 nubis

279 1535 415 1608 wridetur,
444 1530 603 1617 Polybium
632 1523 707 1596 baal:
729 1549 791 1595 nen
813 1528 851 1594 de
879 1537 1000 1606 sennua,
1028 1538 1064 1595 ut
1084 1528 1243 1595 Ernestius
1270 1528 1377 1605 refert,
1405 1527 1531 1606 dixisse,
1559 1528 1612 1594 aad
1640 1528 1679 1594 de
1701 1530 1844 1597 amnibus
1865 1532 1991 1597 omniun

279 1638 595 1725 carthaginiensibus;
632 1658 701 1703 uam
729 1637 845 1703 scribit:
882 1637 1187 1728 ,Καρχηδόνιοι
1210 1676 1250 1687 -
1274 1634 1496 1728 ἐκαραδόκουν
1517 1632 1578 1716 τὰς
1599 1640 1667 1705 τῶν
1687 1636 1856 1727 δυνάμεων
1877 1638 1991 1729 ὁρμάς.

195 1810 198 1815 ,
280 1750 400 1820 Deinde
421 1746 536 1832 optime
558 1743 606 1809 hic
628 1744 713 1810 locrus
734 1746 908 1811 Ernestium
932 1744 1080 1830 potuisset
1105 1745 1230 1823 docere,
1263 1745 1422 1833 Polybium
1450 1744 1498 1810 hic
1519 1746 1757 1837 Καρχηδονίων
1779 1765 1853 1812 roca
1874 1746 1993 1813 diversa

250 1842 255 1851 ’
279 1859 407 1926 οοίὶοοο
429 1854 579 1941 posuisse;
602 1871 672 1918 nam
695 1855 795 1930 rerba,
818 1875 898 1941 quaa
920 1873 992 1919 mex
1014 1861 1192 1942 sequuntau,
1215 1854 1253 1919 de
1276 1853 1390 1941 populo
1411 1851 1449 1918 ad
1471 1852 1647 1918 munionem
1666 1861 1832 1920 convocate
1852 1861 1995 1946 (copae-

281 1977 357 2038 τίκο
379 1968 666 2052 οιοαθροίσαντος
687 1959 748 2031 τὸν
769 1966 906 2050 δῆμον),
936 1980 1121 2049 quamquam
1149 1983 1188 2027 ex
1215 1962 1281 2048 tage
1307 1960 1503 2047 grammatica
1530 1961 1568 2025 ad
1597 1980 1702 2026 rocam
1728 1961 1988 2053 ,Καρχηδόνιοιι

216 2099 224 2112 ⁴
281 2074 448 2164 pertinent,
476 2091 537 2134 non
561 2067 680 2135 nisi'de
702 2079 807 2135 senatu
831 2069 926 2156 accipi
950 2077 1085 2155 possunt
1128 2069 1270 2136 Liberam
1291 2069 1439 2158 denique,
1470 2068 1500 2134 id
1523 2068 1605 2156 quod
1628 2069 1788 2135 Honestius
1809 2077 1913 2153 negat,
1942 2071 1993 2137 ds

281 2179 424 2251 eemeudi
452 2184 631 2264 patestatem
660 2177 777 2242 sensuri
808 2175 913 2254 luisse,
951 2177 1119 2243 luculenter
1140 2177 1171 2244 id
1191 2177 1265 2245 inda
1291 2187 1432 2265 apparet,
1463 2175 1547 2264 quod
1575 2185 1745 2256 senatores,
1779 2196 1876 2266 quum
1904 2179 1992 2265 legati

281 2288 412 2358 Humani
441 2285 532 2371 paulo
554 2267 624 2349 aute
656 2285 767 2350 bellurn
790 2285 939 2352 Punicum
963 2285 1129 2352 secuudum
1152 2285 1364 2373 Carthaginem
1387 2284 1540 2351 veniamnt
1560 2293 1592 2350 at
1613 2285 1645 2350 in
1666 2296 1805 2351 senatum
1829 2286 1993 2353 introducti

280 2399 437 2486 optionem
467 2391 634 2469 dedissent,
669 2400 771 2458 utrum
800 2393 911 2459 bellum
935 2394 1072 2472 mallent,
1107 2414 1146 2459 an
1169 2415 1291 2482 pacem,
1323 2393 1405 2459 nulla
1435 2393 1478 2458 rei
1502 2413 1587 2458 mara
1615 2393 1696 2459 illata
1725 2412 1825 2481 neque
1847 2394 1993 2462 concione

282 2515 352 2573 ante
381 2502 540 2578 advocata,
572 2500 684 2565 bellurn
714 2520 747 2566 ee
774 2502 909 2589 accipere
936 2521 1042 2568 omnes
1069 2502 1293 2589 responderunt
1311 2509 1365 2581 ⁸⁰).
1411 2506 1532 2583 Quanta
1560 2520 1653 2588 porro
1680 2501 1860 2568 auctoritate
1882 2501 1993 2570 domus

280 2613 408 2683 Parcius
437 2609 517 2697 apud
546 2607 656 2675 milites
686 2609 865 2697 plebemque
894 2609 1036 2688 valuerit,
1069 2631 1160 2698 supra
1185 2610 1248 2699 jam
1283 2609 1535 2696 significavimusz
1571 2609 1620 2674 hic
1654 2608 1828 2697 adjicimus,
1865 2611 1993 2679 eandam

281 2721 375 2790 inisse
402 2720 468 2808 ejus
489 2717 587 2802 gantis
615 2718 825 2783 auctoritatem
853 2718 883 2782 iu
912 2726 1034 2796 senatu,
1070 2718 1122 2807 qui
1151 2717 1319 2784 seeundum
1340 2718 1462 2784 Livium
1480 2726 1525 2796 ⁸¹)
1548 2718 1712 2784 maximnm
1739 2725 1856 2806 partem
1879 2722 1994 2788 Hanni

282 2832 359 2898 halis
385 2837 460 2895 erat
487 2826 567 2906 ¹Qui
599 2826 690 2912 igitur
724 2825 799 2890 haee
828 2826 997 2892 accuratius
1030 2845 1133 2893 secum
1165 2826 1418 2904 consideraverit,
1454 2827 1480 2892 is
1507 2845 1570 2893 non
1601 2825 1732 2913 amplius
1760 2847 1830 2894 curu
1852 2830 1996 2896 Ernestio

283 2937 489 3013 arbitrabittu,
512 2942 650 3000 senatum
674 2933 855 3020 Carthagine
878 2935 929 3000 illo
952 2944 1089 3023 tempore
1110 2935 1205 3002 libera
1226 2935 1265 3001 da
1287 2936 1379 3001 rebus
1400 2934 1585 3020 reipublicae
1606 2935 1794 3019 gravissimis
1811 2934 1995 3004 decernendi

282 3055 431 3136 potestate
453 3042 594 3109 orbatum
618 3040 725 3120 lubae,
752 3042 804 3108 sad
828 3043 914 3108 lacilo
935 3043 1038 3130 potius
1059 3043 1116 3110 sibi
1139 3044 1348 3131 persuadebit,
1376 3043 1407 3109 iu
1429 3051 1512 3109 tanta
1534 3043 1672 3109 omnium
1696 3042 1797 3110 lavore
1820 3044 1995 3131 ingentem

281 3155 441 3224 liarcinarn
474 3171 574 3238 neque
605 3149 715 3216 milites
747 3172 845 3238 neque
879 3152 996 3238 plebem
1029 3153 1115 3218 aliter
1147 3153 1277 3218 sensisse
1307 3162 1400 3240 atque
1434 3158 1580 3218 senatum.
1625 3151 1762 3218 Eandem
1794 3154 1834 3218 ob
1871 3170 1994 3220 eausam

225 3304 227 3311 ι
281 3262 395 3331 Fabius
417 3280 541 3347 quoque
564 3280 625 3324 non
648 3259 817 3325 audiendus
840 3269 894 3337 est,
918 3261 971 3348 qui
996 3261 1195 3327 Hannibalem
1217 3279 1275 3326 suo
1298 3261 1393 3348 ipsius
1414 3260 1540 3328 consilio
1563 3268 1682 3347 practer
1697 3260 1994 3346 Carthaginiensium
2065 3338 2070 3346 ,

282 3373 467 3439 voluntatem
497 3367 608 3434 bellum
636 3375 740 3434 cauma
763 3368 918 3434 Romanos
945 3369 1112 3456 suscepisse
1141 3367 1274 3434 tradidit.
1320 3367 1353 3433 ld
1383 3368 1464 3433 enirn
1493 3376 1594 3434 ortum
1623 3377 1669 3434 est
1698 3390 1737 3435 ex
1759 3369 1870 3456 injuria
1893 3393 1910 3436 a
1933 3370 1994 3438 llo

17 3566 23 3573 Ι
145 3473 148 3485 ’
281 3470 380 3546 manis
416 3485 485 3563 post
521 3477 653 3563 primum
691 3476 801 3542 bellum
833 3477 984 3543 Punicum
1016 3475 1315 3564 Carthaginiensibus
1352 3477 1443 3544 illata.
1505 3478 1595 3557 Quae
1633 3477 1787 3543 Hamilcar
1823 3480 1854 3545 in
1890 3481 1993 3548 animo

282 3587 435 3663 solvebat,
466 3604 561 3671 quum
585 3584 750 3651 exereitum
775 3586 805 3651 in
829 3585 1005 3671 Hispaniam
1033 3585 1186 3671 trajiceret
1212 3584 1317 3672 ibique
1339 3584 1634 3672 Carthaginiensium
1658 3586 1818 3673 imperium
1841 3587 1995 3667 conderet,

143 3748 152 3754 .
282 3717 363 3787 quse
391 3714 484 3782 porro
505 3692 676 3759 Hasdrubal
706 3692 744 3758 ad
773 3713 880 3758 eorum
909 3714 982 3780 opes
1011 3691 1236 3781 amplificandas
1263 3693 1369 3779 gessit,
1400 3713 1436 3759 ea
1465 3694 1507 3758 itt
1536 3712 1605 3760 curra
1636 3694 1842 3761 voluntatibus
1871 3706 1995 3765 sanatas

215 3854 226 3865 .
281 3803 440 3895 plebisque
459 3798 715 3886 Carthaginiensis
736 3810 824 3867 crant
844 3801 1014 3888 conjuncta,
1037 3811 1081 3880 ut,
1103 3822 1184 3889 quae
1198 3802 1349 3868 Hannibal
1372 3811 1473 3868 mente
1496 3802 1628 3888 agitabat
1649 3803 1865 3891 praeclaraque
1886 3805 1996 3873 deinde

281 3913 417 4002 perfecit,
439 3931 475 3976 ea
491 3928 614 3996 prorsus
629 3909 667 3975 iis
681 3909 907 3997 responderent
942 3907 1057 3974 Mirum
1080 3927 1153 3974 sane
1176 3909 1338 3988 rideretur,
1360 3911 1385 3977 si
1409 3911 1490 3976 idern
1513 3911 1688 3998 imperator,
1711 3911 1764 3999 qui
1787 3931 1825 3976 eo
1847 3921 1994 3999 tempora,

281 4041 345 4109 quo
366 4017 526 4105 Sagrmtini
555 4017 684 4103 pepulos
713 4018 836 4084 ditionis
858 4016 1113 4101 Carthaginiensis
1141 4017 1260 4104 injuriis
1290 4017 1490 4098 lacessebant,
1527 4020 1642 4105 legatos
1663 4018 1879 4103 Carthaginem
1911 4021 1996 4087 misit

280 4127 501 4203 suscitaturus,
536 4123 611 4212 quid
632 4144 711 4211 opus
732 4134 811 4192 esset
833 4127 911 4193 laeto
933 4130 993 4208 ⁸²),
1028 4124 1053 4191 si
1077 4125 1169 4210 igitur
1196 4125 1276 4192 idem
1304 4125 1352 4192 rir
1380 4128 1492 4194 bellum
1514 4127 1588 4194 illud
1617 4126 1837 4193 interneciuum
1867 4131 1995 4216 privato,

281 4260 343 4305 nou
366 4235 489 4325 publico
509 4232 637 4299 consilio
658 4235 851 4322 suscepisset!
888 4234 978 4314 Quae
1000 4233 1025 4299 si
1048 4252 1117 4299 rara
1139 4242 1219 4312 sunt,
1241 4244 1277 4302 ut
1298 4233 1386 4301 nobis
1408 4235 1532 4323 quidam
1556 4235 1705 4312 ridentur,
1728 4234 1846 4323 reliqua
1870 4255 1995 4326 quaqua

348 4465 396 4621 ’όόό
412 4463 686 4623 maguam
704 4548 835 4621 scriptore
852 4547 940 4605 stertit
956 4565 979 4604 r.
998 4546 1127 4605 Pinaka
1143 4549 1194 4619 (tat
1213 4552 1518 4622 aneltessuatidrrartrgt
1536 4569 1561 4623 p.
1583 4551 1640 4607 itt.
1658 4551 1721 4607 adn
1740 4550 1757 4606 t
1775 4567 1801 4621 p.
1824 4551 1879 4609 lbi.
1894 4554 1993 4614 adut
2107 4527 2113 4534 ¹

282 4655 307 4712 p.
328 4637 384 4692 lte.
401 4653 427 4709 p.
444 4635 504 4693 2115.
523 4636 586 4692 adn.
603 4637 627 4692 t
645 4632 725 4692 Adde
743 4634 839 4707 Polyb.
856 4630 902 4691 lll.
919 4651 942 4690 r.
963 4631 1001 4689 15.
1019 4633 1042 4692 8.

349 4722 397 4880 ild}
414 4721 509 4881 1¹²1:th
523 4720 585 4879 1311
603 4827 625 4865 ο
642 4810 737 4880 3111)
755 4809 876 4880 plures
893 4809 930 4865 ita
948 4808 1123 4880 respondisse
1141 4809 1244 4873 scribit
1262 4808 1355 4866 Livius
1374 4810 1456 4882 (xxi
1475 4827 1496 4866 c
1517 4810 1549 4867 18
1568 4812 1646 4881 extr.)
1665 4820 1760 4869 cantra
1779 4827 1910 4871 omnes.

330 4895 490 4995 ,81)11111,
512 4912 533 4951 n
553 4897 598 4951 10:
622 4896 725 4953 Hanno
749 4911 841 4952 unus
861 4896 977 4952 adverso
998 4903 1093 4952 sanata
1117 4924 1149 4937 -
1174 4896 1235 4968 egit
1259 4913 1281 4952 n
1303 4897 1346 4952 ll:
1363 4897 1439 4953 adeo
1463 4910 1553 4968 prope
1573 4897 1688 4955 amuis
1712 4907 1859 4956 senatus
1883 4900 1991 4957 Hanni-

281 4984 512 5142 lullotillmllelyb.
529 5067 575 5124 lll.
592 5084 614 5127 u
635 5064 676 5126 tt.
693 5069 718 5127 t
