4560 6030
843 394 1233 465 *η’-,ὴ

175 571 265 640 lluae
287 571 372 638 anim
393 579 513 636 tantam
533 588 588 636 aaa
603 566 733 652 eogitari
754 578 895 653 possum,
923 588 1000 646 una,
1026 566 1187 652 Polybium
1208 566 1290 634 baud
1317 577 1459 635 accurata
1479 569 1567 636 Fabii
1589 571 1763 638 maiano
1776 574 1822 640 'a‘d
1844 595 1893 642 raa

172 679 246 746 belli
267 678 378 746 Punici
407 677 498 764 primi
529 673 760 763 perscribendas
782 683 920 751 motum,
952 692 1033 760 quae
1054 673 1087 738 in
1114 673 1222 743 Mem
1243 695 1279 742 ra
1301 674 1495 761 pronviurat,
1530 678 1733 747 somniantem
1761 681 1891 756 oblitum

174 808 255 861 aaae;
291 787 400 866 altera,
437 806 500 852 non
521 795 636 853 umere
658 781 881 869 vituperatione
901 778 1038 848 afleciaae
1057 781 1202 859 Fabium,
1240 782 1293 848 sed
1316 783 1382 870 ejus
1403 805 1522 852 errores
1545 784 1645 873 aliqua
1668 799 1749 854 certe
1772 789 1893 859 ratione

174 895 358 981 significasse
380 902 475 982 atque
496 892 681 960 emendasse.
727 891 826 958 Nemo
848 911 930 967 sane,
952 889 1007 978 qui
1030 887 1265 956 familiaritatem
1286 891 1440 977 quandam
1461 913 1531 959 cnm
1547 895 1804 982 Megalopolitano
1820 918 1891 968 cons

174 1003 311 1080 texerit,
334 1001 409 1069 illud
431 999 605 1078 affirmabit,
626 1019 733 1066 omnes
754 1005 861 1065 contra
882 1018 1001 1063 mecum
1025 996 1148 1064 alteram
1172 999 1352 1067 sententiam
1375 1001 1602 1086 amplectentur,
1626 1003 1711 1091 cujus
1735 1003 1891 1075 variotur

173 1110 255 1179 bunc
277 1110 309 1176 in
333 1110 458 1177 modum
486 1108 644 1196 probaturi
667 1127 781 1173 sumus
828 1106 866 1173 Ut
887 1106 1032 1192 Polybius
1051 1106 1167 1192 judicio
1189 1129 1245 1173 suo
1273 1106 1312 1172 de
1334 1107 1455 1175 Philino
1479 1131 1550 1177 mox
1572 1123 1748 1197 argumenta
1772 1111 1890 1203 adjecit

174 1220 288 1307 quibua
314 1219 346 1284 id
375 1219 524 1296 firmarat,
561 1217 602 1283 ita
632 1215 760 1283 eandam
798 1234 922 1301 quoqne
954 1212 993 1278 de
1013 1214 1110 1280 Fabio
1145 1215 1293 1281 rationem
1328 1218 1547 1303 exspectaveris
1581 1220 1620 1286 ab
1647 1242 1684 1286 eo
1712 1219 1890 1289 adhibitam.

174 1332 317 1392 Attamen
344 1326 436 1393 aliam
465 1325 545 1393 viam
574 1325 729 1410 ingressus
756 1332 817 1400 ast,
834 1331 946 1409 'quum
970 1322 1080 1389 Philini
1109 1322 1233 1409 quidem
1256 1326 1473 1391 auctoritatem¹
1495 1327 1575 1413 apud
1598 1329 1753 1396 Romanos
1775 1330 1891 1397 nullan

175 1433 237 1499 lare
265 1455 332 1499 esse
359 1435 475 1520 optima
509 1434 613 1510 sciret,
648 1431 735 1499 Fabii
770 1440 875 1498 contra
904 1431 1077 1497 maximam.
1130 1432 1239 1498 P'aucis
1267 1433 1359 1518 igitur
1389 1435 1488 1500 verbis
1510 1434 1663 1502 Philinum
1694 1437 1793 1522 potuit
1822 1454 1889 1523 par·¹

174 1541 338 1627 mingere,
377 1562 439 1608 non
462 1542 504 1607 ita
527 1562 600 1608 vero
621 1540 759 1607 Fabium.
804 1537 899 1627 Cujus
921 1560 1000 1626 opus
1021 1560 1117 1627 quum
1138 1539 1281 1606 omnibus
1304 1541 1450 1607 Romania
1472 1565 1534 1608 non
1556 1545 1653 1610 solum
1677 1555 1800 1622 notum,
1835 1543 1890 1611 aad

174 1651 265 1717 aliam
295 1652 332 1716 ab
368 1650 405 1715 iis
433 1650 555 1735 plurimi
583 1649 696 1716 factum
729 1647 919 1734 cognovissbt
937 1654 995 1728 ⁰³),
1036 1668 1098 1713 non
1127 1656 1193 1713 erat
1221 1667 1357 1725 necasse,
1401 1649 1512 1736 quibus
1546 1652 1620 1718 locis
1655 1654 1693 1719 ab
1722 1654 1790 1739 ejus
1820 1672 1889 1723 nar·

173 1759 292 1826 atione
315 1758 502 1837 abhorreant,
522 1758 633 1825 iisdem
643 1757 730 1824 Fabii
752 1776 864 1823 nomen
887 1755 1040 1843 adjiceret,
1063 1776 1248 1843 quamquam
1272 1778 1328 1823 noa
1350 1756 1483 1844 quidem,
1506 1760 1617 1846 quibus
1640 1783 1694 1848 per
1715 1771 1888 1848 temporum

174 1867 316 1954 injuriam
346 1867 412 1953 dus
439 1867 542 1954 operis
570 1864 772 1951 cognoscendi
802 1863 927 1932 facultas
955 1873 1001 1930 est
1028 1873 1145 1952 erepta,
1180 1885 1269 1950 aegre
1297 1864 1329 1930 id
1357 1864 1578 1942 desideramus;
1615 1869 1780 1936 lectoribus
1807 1868 1888 1937 illiua
2015 1875 2018 1878 ’

172 1976 319 2063 temporis
340 1974 524 2052 sufficiehat,
558 1994 655 2062 quum
678 1973 821 2061 Polybius
849 1973 880 2038 in
908 1972 1039 2038 decursu
1071 1994 1173 2039 rerum
1209 1973 1375 2039 memoriae
1409 1973 1623 2042 tradendarum
1647 1978 1732 2043 Fabii
1769 1997 1889 2047 errores

172 2085 297 2164 tacitus,
332 2083 457 2150 nomina
486 2083 553 2170 ejus
579 2104 641 2149 non
669 2082 824 2170 apposito,
857 2079 1042 2147 amandaret
1087 2081 1173 2161 Quas
1200 2101 1249 2146 ras
1278 2081 1303 2146 ai
1325 2081 1486 2148 Ernestius
1513 2106 1619 2150 omnes
1649 2085 1820 2152 accuratius
1842 2106 1888 2153 re·

172 2194 336 2281 apexiaset,
367 2191 451 2258 haud
474 2191 567 2257 dubia
588 2191 676 2256 aliter
698 2190 736 2256 do
757 2189 899 2275 Polybio,
927 2188 1015 2256 Fabii
1033 2188 1151 2276 jndice,
1182 2190 1344 2255 statuiseet
1390 2191 1497 2277 Neque
1520 2213 1592 2257 vero
1614 2192 1733 2259 silentio
1756 2201 1889 2278 praeter·

171 2301 251 2368 mitti
273 2309 388 2388 potest,
425 2299 557 2392 eundem
584 2300 684 2366 virum
713 2321 810 2365 unum
837 2297 923 2363 illum
953 2297 1068 2374 locum,
1106 2298 1136 2362 in
1164 2318 1227 2384 quo
1248 2298 1362 2364 Fabius
1390 2300 1515 2364 nomine
1536 2298 1653 2386 adjecto
1677 2310 1800 2387 propter
1822 2320 1889 2369 aean

172 2410 325 2498 modam
348 2408 418 2474 belli
427 2408 537 2474 Punici
560 2409 674 2495 primi
697 2408 799 2473 minus
814 2413 953 2473 accurate
968 2415 1120 2471 narratam
1136 2405 1334 2492 vituperatur,
1358 2427 1482 2492 prorsus
1497 2409 1643 2475 omisisse
1688 2409 1833 2497 Polybius
1843 2413 1888 2488 Μ)

98 2562 102 2567 -
171 2519 215 2585 ibi
237 2518 413 2584 conditione
434 2527 466 2582 et
486 2517 696 2585 Romanorum
718 2525 750 2582 et
771 2513 1076 2600 Carthaginiensium,
1098 2514 1151 2602 qui
1174 2514 1231 2580 sub
1253 2515 1345 2580 finarn
1367 2515 1449 2581 illius
1471 2515 1539 2582 belli
1562 2517 1690 2604 Erycem
1713 2523 1888 2593 tonuerunt.

171 2626 268 2694 fusius
290 2625 428 2712 exposita
450 2624 556 2705 tradit,
590 2624 853 2710 Carthaginienses
874 2622 998 2690 onom
1023 2644 1086 2690 non
1112 2622 1266 2690 exhaustis
1294 2622 1423 2701 suibus,
1460 2635 1494 2691 ut
1514 2624 1627 2691 Fabius
1651 2626 1707 2703 ait,
1739 2635 1770 2691 et
1793 2624 1890 2697 victo

171 2736 274 2813 malis,
304 2734 357 2800 aed
380 2744 416 2800 ut
438 2733 519 2800 viros
541 2732 691 2822 quosdam
713 2733 798 2799 nullo
825 2733 976 2798 malorum
997 2752 1090 2797 sensu
1110 2731 1264 2818 praeditos
1285 2741 1378 2820 atque
1405 2733 1534 2800 invictos
1555 2754 1715 2812 coronam,
1747 2733 1779 2800 id
1801 2730 1888 2823 quod

171 2846 203 2911 in
226 2842 391 2910 certamina
412 2841 556 2927 ambiguo
578 2850 611 2907 et
631 2842 663 2907 in
685 2851 825 2908 neutram
848 2849 963 2928 partem
987 2839 1129 2906 inclinato
1152 2838 1251 2905 facere
1272 2840 1424 2919 solebant,
1445 2842 1555 2920 hlarti,
1585 2852 1618 2908 ut
1640 2842 1792 2928 suspicor,
1816 2861 1887 2930 con·

171 2973 312 3020 sacrasse.
356 2950 429 3030 Quo
448 2949 519 3036 jure
539 2949 615 3015 haec
635 2951 668 3015 in
688 2951 819 3017 Fabium
842 2948 968 3027 dixerit,
997 2970 1104 3015 omnes
1126 2947 1147 3013 ii
1170 2948 1352 3034 intelligent,
1381 2950 1450 3036 qui,
1483 2951 1660 3037 priusquam
1683 2949 1733 3016 alii
1755 2948 1831 3016 alios
1853 2947 1887 3015 in

81 3062 84 3071 '
170 3062 267 3148 Eryce
296 3067 400 3124 monte
429 3057 599 3137 vincerent,
636 3058 730 3125 nobili
759 3058 809 3124 illa
831 3057 1125 3144 Carthaginiensium
1154 3056 1193 3122 ad
1216 3062 1345 3142 Aegates
1367 3055 1480 3122 insulas
1508 3057 1592 3124 clade
1614 3058 1706 3123 linem
1728 3056 1808 3125 bello
1831 3057 1887 3125 im-

171 3168 305 3256 positum
329 3187 395 3233 esse
423 3175 536 3233 norunt
563 3166 726 3255 ipsumque
748 3166 966 3245 Hamilcarem,
1001 3165 1054 3254 qui
1076 3165 1207 3253 Erycino
1237 3165 1382 3232 exercitui
1410 3165 1541 3252 praefuit
1568 3166 1679 3254 cuique
1708 3176 1776 3253 post
1804 3165 1886 3232 ibam
1983 3186 1985 3195 ¹

171 3276 371 3343 calamitatem
395 3283 528 3362 potestas
550 3283 597 3342 eat
618 3273 717 3340 delata
740 3273 863 3360 agendi,
891 3273 1042 3362 quidquid
1064 3294 1081 3339 a
1103 3273 1257 3361 republica
1279 3273 1336 3339 sibi
1359 3272 1527 3352 videratur,
1555 3275 1637 3360 pacis
1659 3274 1810 3341 exstitisse
1833 3293 1885 3340 an·

66 3369 73 3378 ⁸
170 3393 301 3463 dorem,
339 3405 435 3471 quum
463 3384 565 3449 omnia
594 3391 738 3470 expertus
764 3383 878 3449 nullam
906 3403 972 3448 esse
1000 3382 1129 3469 amplius
1151 3381 1189 3446 ad
1217 3382 1346 3448 salutem
1374 3381 1502 3449 civitatis
1524 3403 1597 3448 suae
1621 3385 1715 3460 viam,
1749 3381 1806 3447 nisi
1832 3400 1886 3466 per

169 3492 251 3561 llam
274 3492 405 3561 vidisset
460 3509 463 3512 ·

256 3646 346 3725 Quae
368 3643 427 3708 huc
449 3662 548 3730 usqne
569 3640 806 3728 disputavimus,
828 3663 863 3707 ea
885 3640 1076 3728 pertinebant
1096 3639 1135 3706 ad
1157 3640 1225 3706 illos
1246 3640 1344 3718 locos,
1366 3641 1398 3707 in
1420 3641 1534 3730 quibus
1549 3643 1692 3731 Polybius
1707 3641 1794 3706 Fabii
1817 3657 1887 3706 nar:

169 3757 318 3822 rationem
342 3750 540 3839 impugnavit,
563 3759 715 3838 quatenus
736 3771 772 3816 en
794 3749 833 3816 ad
854 3749 967 3816 ballum
982 3748 1133 3815 Punicum
1155 3749 1319 3836 primum
1341 3749 1503 3836 spectabat
1548 3751 1654 3817 Hmtat
1667 3759 1770 3816 antem
1786 3747 1885 3814 adhuc

167 3885 250 3931 unns
271 3864 357 3928 locus
379 3859 521 3946 idemque
543 3858 753 3943 gravissimus,
789 3858 821 3922 in
849 3879 911 3945 qno
939 3857 977 3923 de
1004 3857 1102 3925 causis
1131 3856 1201 3922 belli
1223 3856 1332 3922 Punici
1360 3858 1519 3925 secundi
1547 3860 1649 3945 agitur
1676 3857 1829 3944 simulque
1852 3839 1904 3923 in¹

167 3972 298 4039 Fabium
320 3968 548 4035 criminationes
570 3966 781 4054 proferuntur,
804 3987 881 4056 quas
902 3986 977 4031 num
999 3965 1126 4031 feliciori
1147 3984 1290 4031 sacceam
1311 3965 1471 4032 Emestius
1492 3967 1652 4054 repulerit,
1675 3986 1747 4030 mox
1769 3961 1885 4031 videbi-

167 4101 244 4146 mna.
289 4078 450 4165 Polybius,
486 4096 582 4164 quum
604 4095 728 4153 eorum,
764 4073 818 4163 qui
841 4096 889 4142 res
911 4073 1090 4141 Hannibalis
1111 4071 1278 4141 memoriae
1298 4072 1504 4152 tradiderunt,
1539 4073 1677 4140 nonnulli
1700 4073 1770 4139 balli
1793 4073 1884 4151 illius,
1911 4120 1913 4125 ·

168 4189 254 4277 cnjus
283 4187 376 4253 modo
406 4183 592 4251 mentionem
623 4183 764 4262 fecimus,
797 4184 926 4269 primam
955 4203 1079 4249 causam
1105 4180 1324 4268 significassent
1345 4181 1514 4268 Saguntum
1542 4180 1886 4268 allarthaginiansibos

167 4304 393 4385 oppugnatum,
421 4293 596 4359 discrimina
618 4294 697 4358 inter
717 4291 762 4358 rei
784 4290 981 4378 principium,
1010 4310 1133 4357 cansam
1154 4298 1186 4355 et
1206 4297 1397 4377 praetextum
1420 4290 1535 4385 (ἀρχή,
1563 4298 1669 4374 atria,
1696 4288 1885 4382 πρόφασις)

167 4427 222 4496 par
243 4403 382 4491 exempla
404 4403 560 4490 exposito,
589 4401 671 4467 hunc
692 4398 756 4465 fere
778 4399 810 4464 in
832 4399 958 4468 modum
980 4399 1080 4487 pergit
1096 4403 1154 4481 θῦε
1191 4398 1322 4478 ,Fabius
1344 4419 1433 4479 vero,
1454 4420 1557 4465 rerum
1579 4399 1787 4465 Romanarum
1811 4399 1885 4464 smi-

166 4522 245 4603 ptos,
267 4519 387 4600 praeter
402 4510 544 4599 injuriam
554 4508 730 4595 Saguntinis
744 4508 858 4574 illatam
873 4509 916 4574 ait
929 4505 1190 4575 Hasdrubalis
1204 4507 1410 4575 avaritiam
1431 4526 1584 4595 quoque
1604 4516 1642 4571 at
1655 4505 1882 4574 dominandi

166 4620 421 4709 cupiditatem
442 4639 566 4686 musam
588 4618 667 4685 bello
690 4616 733 4682 illi
755 4615 945 4703 praebebam
972 4615 1058 4682 illum
1080 4613 1303 4703 cummagno
1325 4615 1382 4682 sibi
1405 4613 1539 4703 potentia
1561 4614 1594 4681 in
1616 4613 1762 4702 Hispania
1785 4623 1883 4701 parta,

233 4834 425 5001 8331an
445 4927 532 4988 mae,
550 4917 598 4990 aly
615 4919 650 4984 ὃς
666 4919 792 4994 Pistris
809 4942 893 4994 nass,
911 4923 1115 4984 damnine
1131 4924 1173 4975 aad
1189 4920 1392 4990 umissos,
1410 4914 1461 4975 rill'
1480 4916 1513 4984 tis
1528 4917 1560 4975 t·
1576 4916 1687 4983 &aaa
1701 4923 1745 4975 aal
1760 4916 1886 4995 ι’ῃιῃοί

163 5042 228 5084 snae
244 5018 331 5090 &30⁸⁶
348 5010 416 5086 “df‘'
430 5008 580 5081 ‘wlff’
597 5016 729 5080 “hm
980 5041 984 5050 '

232 5102 280 5176 td)
297 5099 343 5158 111
360 5095 425 5156 ch
717 5131 720 5136 -
