4560 6030
945 377 1314 442 *4*

288 557 372 647 quod
396 557 429 623 in
450 576 487 621 66
510 575 568 649 res⁸
580 562 683 641 gastae
703 549 762 635 (ιὰ
782 549 963 643 πράγματα
985 546 1047 613 sire
1069 554 1104 616 nl
1123 549 1270 642 πράξεις)
1291 549 1460 628 nationum,
1482 549 1637 618 civitatum
1660 560 1691 617 et
1712 550 1907 640 dynastarum
1919 542 2000 619 'con-

286 668 420 734 tinentur
447 685 482 731 66
504 663 622 730 ratione
648 661 821 750 expositae,
848 677 910 746 qua
937 656 1002 722 sola
1023 655 1093 735 viri,
1121 658 1175 744 qui
1202 657 1240 723 ad
1269 658 1487 745 rempublicam
1509 659 1697 726 urcundum
1719 659 1877 739 accedunt,
1898 668 2000 759 (gipu-
2039 750 2043 759 .

284 784 439 863 γμοτιιιοί
456 772 520 838 sive
541 775 719 853 ιιολιτικοι)
728 775 773 848 ²⁴)
794 789 833 835 ex
855 766 892 832 iis
913 764 1073 832 utilitatem
1088 786 1196 852 capere
1210 775 1347 854 possunt
1391 766 1449 835 Cui
1465 759 1624 835 hominurn
1639 768 1743 854 generi
1758 788 1855 856 quum
1869 758 1998 857 6616166

283 889 561 967 rerumgestarum
582 876 716 944 narratio
738 874 909 942 satisfacere
930 893 993 939 non
1015 881 1124 959 posset,
1146 875 1290 961 Polybius
1312 875 1386 942 nihil
1408 875 1516 942 hahuit
1537 876 1703 966 antiquius,
1723 897 1817 965 qnam
1840 883 1876 943 nt
1891 850 1998 943 66ὶῆ

283 988 313 1055 ci
335 998 521 1077 eventusque
541 1006 644 1053 rerum
668 985 782 1072 ubique
803 1003 895 1071 qnam
918 981 1141 1047 accuratissime
1163 983 1305 1070 adjiceret
1322 991 1381 1067 ²⁵),
1404 985 1481 1050 hene
1504 985 1616 1065 sciens,
1644 1007 1682 1051 ex
1704 984 1830 1051 historie
1852 984 1879 1051 si
1900 983 2000 1064 tollas,

285 1117 346 1185 qua
369 1118 458 1164 causa
480 1106 512 1163 et
533 1115 596 1183 quo
618 1093 711 1160 modo
733 1101 764 1158 et
785 1112 849 1178 quo
870 1089 997 1157 consilio
1021 1089 1156 1177 quidque
1177 1090 1270 1158 luerit
1284 1102 1413 1178 gestum,
1436 1093 1568 1181 denique
1582 1114 1656 1161 num
1678 1093 1864 1181 prohabilem
1880 1092 1996 1158 exitum

284 1223 334 1269 res
356 1202 657 1294 suscepta-hahuerit
674 1207 732 1284 26),
759 1199 910 1266 ludicrum
938 1218 1005 1264 6666
1026 1198 1244 1284 spectaculum,
1267 1201 1351 1288 quod
1373 1221 1412 1266 ex
1434 1222 1469 1268 es
1491 1201 1688 1290 relinquitur,
1710 1222 1774 1268 666
1794 1209 1898 1267 nutem
1919 1219 2000 1286 6666

284 1311 324 1379 66
346 1311 547 1379 erudiendum
570 1312 712 1376 lectorem
734 1315 952 1395 comparatum.
996 1305 1066 1372 Non
1088 1305 1278 1391 ignoremus,
1300 1309 1466 1375 sententiae
1490 1310 1527 1375 66
1550 1310 1675 1377 historia
1697 1308 1880 1397 pragmatica
1904 1305 1998 1373 modo

284 1420 419 1506 prolatae
441 1421 553 1487 multos
575 1417 724 1485 exstitisse
747 1414 948 1491 adversarios,
977 1412 1058 1479 inter
1077 1435 1156 1501 quos
1181 1415 1487 1502 Schweighaeuserus
1509 1420 1574 1507 ejus
1596 1428 1736 1484 naturam
1760 1419 1801 1485 ita
1824 1415 1939 1494 delinit,
1962 1421 1999 1480 ut

284 1527 316 1592 in
339 1528 525 1615 exponendis
546 1527 637 1594 rebus
659 1533 795 1592 versetur
817 1523 895 1590 inter
915 1520 1053 1588 horniucs
1074 1530 1105 1587 et
1132 1525 1170 1588 ab
1198 1525 1372 1591 hominibus
1403 1527 1493 1613 gestis
1524 1527 1788 1615 distinguaturque
1811 1547 1828 1591 a
1850 1523 1998 1591 labulosis

283 1635 517 1714 6666666666,
540 1654 619 1722 quae
640 1632 679 1699 66
700 1632 828 1700 deorum
850 1631 1032 1698 ethereum
1052 1626 1298 1716 generationibus
1320 1632 1468 1722 lactisque
1490 1633 1754 1704 circumferuntur.
1793 1634 1887 1715 Quod
1909 1633 1934 1698 si
1950 1632 1997 1699 666

282 1739 342 1821 666,
365 1753 499 1809 ceterum
521 1742 560 1809 de
581 1749 685 1808 nostro
707 1741 853 1828 scriptore
875 1739 990 1826 optimc
1012 1739 1145 1819 meritus,
1167 1750 1248 1808 recte
1270 1742 1432 1822 statuisset,
1469 1743 1613 1831 Polybius
1635 1742 1693 1809 sibi
1716 1744 1780 1830 ipse
1801 1749 1995 1829 repugnaret,

283 1849 538 1937 6661661666.
564 1853 590 1923 l.
614 1849 758 1916 historiae
785 1847 986 1936 pragmaticae
1013 1849 1214 1927 narrationem
1243 1851 1370 1937 opponit
1402 1850 1440 1916 dc
1467 1851 1594 1918 coloniis
1621 1851 1770 1938 antiquis,
1799 1850 1837 1917 de
1865 1848 1996 1916 conditis

282 1955 427 2037 urbibus,
449 1957 487 2024 66
509 1967 615 2025 mutua
636 1957 769 2047 denique
792 1957 975 2044 populorum
997 1957 1186 2043 cognatione.
1230 1963 1275 2036 66
1297 1958 1384 2025 lacilc
1405 1958 1536 2046 quisque
1558 1959 1718 2039 concedet,
1740 1960 1772 2027 in
1794 1959 1850 2026 hac
1872 1977 1998 2047 quoque

281 2073 369 2153 parta
398 2064 549 2133 historiae
568 2088 617 2132 res
645 2065 723 2132 inter
751 2065 889 2131 homines
918 2071 949 2129 et
976 2065 1014 2130 ab
1042 2063 1215 2133 hominihus
1236 2075 1335 2152 gestas
1356 2067 1552 2154 exponendas
1578 2065 1686 2146 luisse,
1713 2068 1813 2135 itacut
1834 2066 1997 2134 discrimen

282 2169 356 2238 illud
372 2193 390 2237 a
405 2173 531 2262 Polybio
546 2183 697 2241 servatum
713 2195 837 2261 prorsus
857 2172 1022 2239 tolleretur.
1051 2172 1144 2253 Quod
1159 2194 1230 2240 vero
1244 2174 1369 2241 maximi
1385 2174 1531 2240 momenti
1554 2183 1608 2254 est,
1631 2197 1737 2242 omnes
1751 2175 1877 2244 omnino
1893 2195 1996 2240 rerum

282 2281 461 2366 scriptores,
493 2282 546 2370 qui
574 2281 718 2349 labulosis
739 2280 965 2349 narrationibus
987 2301 1020 2346 se
1041 2281 1260 2362 abstinuerunt,
1283 2303 1322 2348 cx
1344 2281 1625 2368 Schweighaeuseri
1648 2283 1796 2350 sententis
1819 2284 1996 2371 pragmatici

282 2383 414 2455 habendi
444 2399 544 2457 essem
572 2391 701 2479 ejusque
728 2388 945 2477 interpretandi
975 2392 1090 2455 ratione
1120 2392 1263 2477 probata,
1297 2390 1379 2478 quod
1402 2390 1521 2479 Polybii
1539 2392 1675 2458 maxime
1696 2393 1854 2480 proprium
1882 2402 1942 2473 est,
1966 2393 1997 2458 id

280 2494 425 2562 radicitus
447 2496 662 2564 6666666666.

942 2671 1055 2759 ,06
1091 2678 1155 2755 ut
1178 2672 1288 2755 ΙΙΙ.

201 2952 204 2959 ¹
335 2825 392 2922 66
421 2826 593 2943 consuo,
624 2825 721 2944 6666
749 2824 877 2921 66666
906 2826 942 2919 in
971 2693 1091 2921 1666
1106 2826 1348 2921 blstnrlnruu
1377 2825 1658 2925 consculenlls
1688 2838 1843 2926 secutus
1873 2838 1947 2927 cst.

371 3013 596 3092 Quaerentibus
618 3011 722 3088 nohis,
750 3009 825 3098 quid
847 3011 963 3077 consilii
986 3011 1088 3077 Livius
1110 3010 1264 3092 hahuerit,
1288 3034 1383 3100 quum
1407 3012 1445 3077 66
1468 3033 1657 3127 opus‘suum
1680 3021 1925 3104 componendum
1948 3046 1996 3093 ac

284 3119 418 3199 cederet,
447 3141 509 3207 quc
529 3119 646 3186 nullum
669 3139 742 3184 sane
764 3118 795 3185 in
817 3117 924 3185 littaris
946 3128 1000 3185 aut
1020 3120 1134 3205 graecis
1156 3129 1210 3186 aut
1231 3121 1332 3187 latinis
1354 3120 1507 3208 reperitur
1529 3122 1659 3209 amplius
1678 3146 1778 3213 neque
1800 3133 1942 3199 oratoriis
1964 3145 1996 3201 et

282 3227 408 3316 poeticis
423 3228 609 3296 ornamentis
623 3226 785 3314 copiosius,
808 3227 936 3314 scriptor
949 3228 1111 3294 Pataviuus
1126 3249 1192 3294 sese
1207 3229 1296 3295 offert
1310 3229 1418 3294 ducem
1434 3228 1550 3295 itineris
1566 3230 1776 3299 certissimum.
1801 3240 1846 3302 Αο
1861 3239 1994 3326 primum

283 3337 405 3423 quidem
429 3336 516 3403 facile
538 3337 668 3426 quisque
690 3334 843 3421 intelliget,
866 3336 924 3401 alia
946 3335 1064 3401 ratione
1084 3356 1133 3402 res
1159 3336 1264 3424 populi
1284 3336 1415 3402 Romani
1444 3337 1608 3404 memoriae
1637 3340 1795 3408 mandasse
1816 3346 1995 3434 scriptorem

281 3444 469 3524 Romanum,
497 3446 555 3512 alia
577 3445 743 3520 Graecum,
771 3463 867 3529 quum
891 3443 940 3510 illa
961 3445 1056 3510 nimio
1077 3444 1193 3532 patriae
1216 3465 1319 3511 amore
1341 3453 1518 3511 occaecatus
1548 3467 1767 3538 nonnunquam
1790 3453 1996 3538 induceretur,

281 3560 317 3618 nt
338 3552 424 3618 aliter
445 3562 536 3641 atquc
559 3553 682 3621 deberet
702 3573 752 3618 res
773 3551 952 3630 intueretur,
975 3552 1024 3618 hie
1046 3560 1149 3619 contra
1172 3553 1304 3640 partium
1327 3552 1429 3620 studio
1453 3574 1561 3641 expers
1583 3555 1658 3621 nihil
1680 3558 1739 3624 nisi
1754 3559 1819 3647 ipsa
1835 3561 1912 3629 lacta
1927 3587 1994 3652 spe

282 3668 385 3740 staret,
408 3662 449 3727 ita
471 3661 558 3728 utin
581 3661 618 3727 iis
638 3669 718 3727 certa
739 3659 831 3725 rebus
853 3660 1035 3748 perscriptis,
1057 3682 1135 3749 quae
1158 3682 1219 3726 non
1241 3660 1280 3726 ad
1294 3682 1426 3748 graecas,
1448 3660 1502 3727 scd
1519 3660 1556 3727 66
1571 3662 1646 3729 alies
1662 3666 1798 3733 civitates
1814 3670 1995 3756 pertineant,

281 3769 354 3836 insit
375 3769 499 3858 quidam
514 3769 579 3835 sine
593 3768 656 3834 ullo
671 3767 740 3834 fuco
756 3765 890 3832 veritatis
905 3768 997 3835 color.
1026 3770 1132 3857 Neque
1147 3790 1239 3855 porro
1255 3769 1456 3837 omittendum
1472 3779 1526 3849 est,
1542 3770 1671 3853 Livium,
1694 3796 1790 3862 quum
1806 3798 1823 3842 e
1838 3779 1995 3847 rhetorum

281 3889 312 3945 ct
333 3875 788 3966 philosophorum'umhraculis
809 3873 985 3962 prodiisset,
1016 3885 1108 3944 totam
1137 3898 1191 3965 per
1213 3876 1305 3944 vitam
1328 3897 1346 3942 a
1373 3879 1553 3944 muneribus
1575 3881 1759 3969 reipublicae
1781 3894 1932 3952 remotum
1956 3887 1995 3952 ad

280 3984 438 4052 historiam
466 4007 499 4051 se
529 3984 690 4051 contulisse
711 4004 841 4072 eamque
862 3982 1014 4050 rhetorico
1041 4005 1137 4073 paene
1165 4006 1249 4050 more
1277 3984 1446 4070 scripsisse,
1468 3987 1629 4074 Polybium
1658 3997 1763 4055 contra
1785 3991 1815 4057 in
1839 3993 1995 4081 republica

279 4103 431 4162 66666666
459 4093 555 4161 otium
587 4112 677 4158 suum
703 4091 905 4158 consumsisse
932 4091 962 4157 in
993 4114 1084 4180 opere
1123 4113 1179 4160 suc
1213 4092 1423 4182 componendo
1453 4092 1635 4182 dicendique
1662 4097 1780 4163 ratione
1808 4120 1899 4167 usum
1928 4123 1996 4170 6666

280 4201 508 4290 simplicissima.
550 4205 587 4267 ln
609 4198 656 4265 his
678 4198 769 4266 rebus
791 4221 977 4289 quamquam
1000 4200 1159 4268 discrimen
1189 4202 1268 4267 inter
1295 4209 1461 4289 utrumque
1490 4202 1623 4289 positum
1654 4212 1708 4283 est,
1732 4226 1792 4270 una
1815 4216 1916 4277 666666
1946 4231 1996 4276 res

281 4308 442 4389 invenitur,
466 4330 544 4397 quac
565 4307 652 4375 Livio
674 4327 743 4374 cum
766 4309 893 4397 Polybio
916 4316 962 4374 est
983 4309 1170 4384 communis:
1202 4331 1271 4376 nam
1295 4309 1378 4397 quod
1401 4310 1581 4398 primarium
1603 4311 1696 4401 hujus
1719 4312 1877 4381 consilium
1901 4337 1995 4405 supra

281 4413 422 4496 diximus,
446 4418 525 4483 idem
548 4424 579 4482 et
600 4415 637 4482 66
659 4414 743 4482 illum
766 4416 904 4505 pertinet
928 4425 963 4504 nt
977 4439 1016 4484 ex
1030 4419 1076 4485 his
1090 4417 1197 4496 verbis,
1221 4438 1300 4505 quae
1316 4417 1348 4483 in
1362 4418 1550 4506 praelatione
1565 4420 1665 4507 operis
1681 4422 1831 4508 leguntur,
1854 4434 1995 4511 apparet:

350 4641 393 4714 24)
410 4641 518 4701 Latione
536 4645 734 4716 significatione
751 4645 835 4702 iidem
852 4660 1052 4717 6666666666
1070 4648 1275 4718 praeparacius<
1292 4645 1419 4701 dicuntau
1432 4645 1490 4716 (lx
1509 4662 1530 4701 e.
1542 4645 1568 4700 ll.
1585 4646 1610 4701 5.
1627 4645 1673 4701 ΠΙ.
1691 4661 1713 4701 6.
1731 4646 1804 4718 tl),
1821 4648 1871 4719 qui
1884 4650 1999 4708 nomine

158 4781 164 4797 ,
279 4728 368 4803 c'ndoht
383 4737 558 4805 πραγματικοῦ
572 4730 760 4803 significantur
775 4731 824 4788 lib·
841 4732 888 4793 ffl.
906 4747 929 4789 c·
945 4730 970 4788 ’6.
987 4732 1013 4787 5.

348 4815 395 4888 66)
413 4815 509 4888 Polyb.
525 4818 571 4874 lll.
584 4835 606 4874 6.
624 4820 650 4878 l.
666 4820 691 4876 6.
708 4818 756 4876 XI.
774 4835 797 4874 6.
814 4819 855 4875 ³5.
873 4818 899 4873 P.

346 4902 393 4975 66)
411 4901 508 4960 Cicero
526 4903 561 4958 dc
579 4904 801 4962 exaedificatione
818 4904 948 4961 bineriae
964 4904 1081 4976 loquens
1100 4904 1147 4975 (de
1165 4903 1239 4961 Orat
1251 4904 1283 4961 ll
1301 4905 1375 4962 616.
1388 4904 1442 4976 66.)
1462 4920 1524 4961 earn
1544 4903 1675 4961 historiae
1685 4907 1848 4964 scribendae
1859 4907 1996 4967 rationem

278 4988 398 5048 6666666
415 4989 569 5062 respexisse
586 4990 701 5058 videtur,
720 5007 803 5065 quarn
815 4991 949 5064 Polybius
967 5000 1075 5050 secutus
1093 5000 1142 5058 est,
1159 5007 1243 5064 quan
1261 4989 1395 5048 aliniaco
1409 4992 1456 5064 (de
1468 4989 1546 5048 0666
1559 4991 1702 5064 116666)
1721 4994 1843 5062 ,bonnm
1855 5004 1997 5054 aucorem

274 5074 309 5135 in
325 5075 438 5150 primis“
459 5075 524 5133 dicit
541 5076 640 5150 cuique
657 5078 742 5135 multa
757 5082 789 5138 in
806 5077 886 5135 libris
903 5079 938 5133 de
955 5075 1108 5152 Republica
1124 5077 1279 5136 Niebuhrio
1296 5085 1364 5134 teste
1382 5076 1426 5149 (6
1446 5077 1480 5137 G.
1498 5077 1519 5135 6
1537 5094 1565 5150 6.
1583 5076 1648 5150 664)
1668 5080 1770 5138 debuit
