4560 6030
940 356 1055 432 -L
1106 384 1158 452 ‚15
1223 419 1339 431 Q„

266 567 361 653 -regis
390 562 580 653 potestatem
603 571 772 648 acceptum,
808 561 846 626 de
868 559 1067 644 Hasdrubalis
1098 567 1209 624 conatu
1239 557 1355 624 formae
1381 556 1564 644 reipublicae
1592 559 1931 646 Carthaginiensis
1958 563 1994 630 iu

279 675 373 742 unius
387 674 589 761 principatum
607 668 773 736 mutandae
794 667 1006 744 dixeratnon
1029 687 1100 732 vero
1123 664 1296 732 cumidem
1319 665 1358 730 de
1380 674 1460 732 statu
1482 687 1584 733 rerum
1600 667 1632 732 in
1647 668 1828 754 Hispania
1852 671 1994 739 habuisse

216 816 217 820 ¹
282 783 454 852 eonsilium.
498 781 583 845 Haec
605 777 643 843 de
665 775 864 844 Hasdrubale.
909 776 978 842 Jam
1001 775 1172 856 rideamus,
1202 773 1276 860 quid
1298 772 1411 838 Fabius
1434 776 1562 841 macerit
1583 775 1621 841 de
1643 776 1858 844 Hannibale
1880 790 1911 844 et
1932 800 1994 868 qua

281 893 400 958 ratione
412 889 531 978 Polybii
555 884 781 952 criminationes
803 884 845 950 illi
869 884 965 950 illatas
974 883 1135 950 Eracstius
1156 882 1309 968 repulerit
1353 882 1466 947 Fabius
1488 884 1628 970 inopere
1650 906 1707 951 suo
1718 885 1845 972 Polybio
1860 897 1937 953 teste
1952 895 1994 970 Π)

280 997 446 1064 memoriae
468 994 607 1071 tradidit,
635 993 851 1069 Hannibalem,
889 993 942 1079 qui
964 993 1003 1058 ab
1024 989 1226 1058 odolescentia
1255 989 1404 1076 particeps
1426 999 1456 1055 et
1477 992 1615 1057 aemulus
1642 993 1836 1060 consiliorum
1859 994 1994 1061 Hasdru·

279 1105 356 1170 halis
380 1103 499 1182 luisset,
539 1104 569 1167 in
593 1091 697 1167 cariam
721 1100 982 1195 administratione
1010 1099 1091 1165 idem
1114 1119 1182 1164 curn
1206 1098 1257 1163 illo
1279 1097 1414 1163 tenuisse
1434 1099 1614 1166 institutum.
1659 1107 1767 1190 ltaque
1789 1101 1847 1170 hoc
1869 1123 1994 1190 quoque

281 1213 394 1278 bellum
416 1210 563 1278 Humanis
598 1231 668 1276 eum
704 1210 840 1275 intulisse
874 1230 942 1274 suo
974 1209 1099 1296 ipsius
1134 1193 1302 1273 consilio
1333 1216 1453 1292 praeter
1474 1206 1767 1293 Carthaginiensium
1798 1212 1992 1286 sententiam:

281 1322 433 1386 neminem
458 1321 540 1385 euim
562 1339 680 1396 eorum,
703 1318 756 1405 qui
779 1317 957 1384 auctoritate
980 1317 1113 1383 celerent
1135 1314 1325 1400 Cartbagine,
1348 1335 1383 1379 ea
1406 1315 1558 1402 probasse,
1582 1337 1660 1403 quae
1675 1318 1825 1385 Hannibal
1849 1319 1993 1385 adversus

280 1428 520 1514 Saguntinorum
551 1428 702 1493 civitatem
735 1426 974 1513 perpetravisset
1021 1426 1086 1490 Hac
1114 1424 1189 1489 urbe
1217 1422 1327 1488 deiude
1353 1433 1440 1510 capta
1469 1424 1625 1489 advenisse
1647 1429 1817 1504 Romanos,
1856 1428 1910 1514 qui
1940 1435 1993 1493 aut

281 1536 350 1603 dedi
373 1538 431 1602 sibi
454 1536 656 1603 Hannibalem
670 1555 695 1600 a
718 1533 1017 1618 Carthaginiensibus
1039 1530 1227 1618 portularent
1248 1539 1301 1598 sut
1323 1530 1434 1597 bellum
1456 1532 1576 1619 suscipi.
1620 1534 1702 1599 Haec
1723 1536 1836 1602 Fabius
1859 1537 1896 1601 de
1913 1537 1993 1602 Hen·

280 1646 389 1711 nibale.
435 1645 519 1725 Quid
543 1654 647 1711 contre
670 1643 744 1708 haec
765 1641 933 1727 Polybius?
978 1641 1179 1724 luterroganh'
1202 1639 1332 1718 cuidam,
1355 1641 1407 1718 ait,
1429 1662 1544 1729 ecquae
1566 1641 1673 1707 melior
1695 1641 1994 1729 Carthaginiensibus

177 1732 184 1743 ’
281 1753 382 1819 oblata
410 1753 502 1818 luerit
529 1751 648 1817 occasio
678 1750 800 1837 quodue
823 1749 936 1836 justius
958 1748 1050 1813 iidem
1073 1748 1150 1814 inire
1179 1751 1334 1834 potuerint
1355 1746 1514 1816 consilium
1544 1749 1662 1836 sibique
1684 1751 1805 1830 utilius,
1842 1734 1993 1839 siquidem

281 1861 319 1929 ab
342 1861 439 1939 initio,
462 1869 496 1926 ut
518 1859 632 1924 Fabius
654 1857 792 1936 affirmat,
815 1856 994 1923 Hannibalis
1016 1854 1092 1921 lacta
1116 1856 1189 1943 ipsis
1210 1857 1417 1943 displicebant,
1439 1877 1531 1944 quam
1554 1866 1589 1922 ut
1602 1858 1811 1925 Romanorum
1835 1861 1994 1947 postuletis

280 1978 353 2036 banc
381 1989 497 2034 morem
527 1977 681 2054 gerentes,
719 1976 872 2034 auctorem
903 1965 1032 2052 injuriae
1060 1963 1206 2030 dederent
1234 1964 1409 2051 bellumque
1438 1963 1599 2031 imminens
1627 1988 1645 2031 a
1668 1967 1730 2032 suis
1753 1968 1921 2034 cervicibus
1943 1968 1993 2049 de·

280 2078 442 2164 pellerent,
470 2076 544 2141 haec
566 2076 660 2161 igitur
682 2075 880 2160 interroganti
902 2075 1015 2140 Fabius
1038 2072 1110 2138 nibil
1134 2072 1317 2160 respondere
1347 2073 1509 2159 potuisset,
1538 2094 1633 2160 quum
1656 2083 1773 2140 tantum
1797 2075 1929 2154 abesset,
1959 2086 1994 2143 ut
2039 2097 2048 2115 ·

280 2185 330 2250 illa
355 2184 488 2250 lacerent
511 2182 788 2269 Carthaginienses,
826 2191 861 2248 ut
882 2183 994 2249 bellum
1016 2181 1194 2248 Hannibalis
1216 2181 1363 2247 sententia
1387 2190 1559 2269 susceptum
1583 2203 1637 2268 per
1659 2205 1754 2250 annos
1777 2186 1993 2271 septemdecim

280 2292 442 2358 continuos
464 2300 604 2377 gererent
626 2311 726 2378 neque
748 2291 832 2377 prius
854 2301 1085 2376 componerent,
1119 2310 1209 2377 quam
1233 2290 1316 2354 omni
1340 2289 1408 2354 belli
1431 2311 1489 2376 spe⁴
1506 2298 1620 2355 tentata
1643 2293 1771 2378 patriam
1794 2293 1995 2380 omniumque

280 2400 391 2466 civium
415 2400 542 2465 salutem
567 2400 598 2464 in
619 2400 754 2488 maximo
776 2398 911 2485 periculo
934 2399 1293 2493 versari'intellexissent.
1340 2397 1395 2463 llis
1418 2397 1459 2462 ita
1482 2399 1625 2485 expositis
1643 2400 1787 2487 Polybius
1804 2409 1848 2477 η)
1872 2422 1994 2467 causam

279 2505 397 2594 adjicit,
425 2527 480 2574 our
501 2508 588 2573 Fabii
610 2527 794 2595 eorumque,
828 2527 907 2594 quae
929 2507 967 2573 ab
989 2507 1046 2573 boc
1068 2507 1177 2573 tradita
1198 2514 1282 2584 sunt,
1313 2507 1498 2571 mentionem
1521 2507 1665 2593 injecerit
1709 2507 1749 2574 se
1772 2509 1911 2596 quidem,
1941 2511 1993 2589 ait,
2094 2556 2096 2560 -

278 2637 341 2682 non
365 2615 477 2692 vereri,
507 2637 545 2681 ne
568 2616 624 2682 ista
647 2615 738 2681 rebus
760 2637 822 2682 nou
845 2624 1045 2682 consentanea
1068 2616 1158 2681 lidum
1181 2614 1261 2701 apud
1285 2613 1447 2680 nonnullos
1470 2615 1632 2702 accipiant,
1656 2637 1775 2694 rerum,
1808 2638 1939 2704 quorum
1962 2618 1995 2683 in
2069 2592 2078 2615 Χ

274 2745 389 2790 ωαιιιιε
411 2724 556 2790 historiae
586 2724 665 2790 illius
695 2724 844 2801 venerint,
876 2744 930 2789 eos
957 2723 1158 2789 commonitos
1180 2722 1269 2801 velle,
1305 2744 1343 2787 ne
1366 2720 1403 2787 ad
1426 2731 1598 2788 narrantem
1628 2725 1743 2811 potius,
1776 2724 1859 2812 quod
1887 2724 1995 2792 iisdem

281 2831 391 2898 vixerit
411 2832 602 2919 temporibus
624 2839 655 2896 et
676 2840 798 2897 senator
821 2831 912 2898 luerit
929 2833 1095 2910 Romanus,
1118 2831 1252 2897 animum
1276 2829 1441 2908 attendant,
1464 2852 1555 2918 quam
1579 2830 1616 2897 ad
1640 2832 1699 2910 illa,
1722 2846 1810 2920 quae¹
1824 2843 1994 2912 narrantur,

280 2963 334 3019 ne,
369 2940 520 3028 quidquid
543 2941 581 3007 ab
603 2962 641 3006 eo
663 2940 777 3007 dictum
801 2949 855 3017 est,
879 2940 938 3006 lide
960 2940 1085 3025 dignum
1109 2941 1246 3026 protinus
1268 2938 1408 3004 habeant.
1451 2939 1546 3004 Addit
1567 2940 1658 3004 etiam
1682 2940 1770 3017 illud,
1793 2941 1878 3006 Fuhii
1903 2941 1994 3007 ladem

279 3049 360 3116 baud
384 3049 468 3135 perri
491 3048 615 3135 quidem
638 3049 822 3128 taciendam,
860 3058 891 3115 at
912 3071 973 3115 nou
1003 3048 1146 3116 omnibus
1167 3056 1266 3114 umen
1290 3048 1425 3113 numeris
1451 3048 1619 3113 absolutam
1648 3068 1713 3113 esse
1735 3048 1919 3124 habendam;
1957 3072 1995 3118 ux

278 3159 371 3224 rebus
393 3157 495 3245 potius
519 3157 591 3244 ipsis
612 3178 682 3223 vera
707 3180 723 3223 a
746 3156 827 3223 salsis
849 3179 914 3223 esse
936 3156 1140 3245 dijudicanda.
1184 3159 1252 3220 Jam
1275 3154 1312 3219 ad
1335 3156 1511 3222 Ernestium
1533 3155 1693 3222 redeamus
1715 3166 1760 3235 et,
1791 3179 1852 3245 qua
1875 3159 1994 3226 ratione

280 3266 397 3331 clientis
420 3286 542 3331 causam
566 3266 677 3350 egerit,
714 3265 877 3332 videamus.
920 3271 966 3332 Ac
988 3266 1119 3353 primum
1149 3263 1271 3352 quidem
1295 3264 1378 3350 quod
1402 3265 1438 3330 ad
1462 3264 1638 3331 dominandi
1662 3266 1857 3353 cupiditatem
1880 3264 1995 3333 Hanni-

281 3374 358 3441 balis
376 3374 494 3451 attinet,
518 3374 591 3438 illud
614 3394 681 3439 eam
704 3376 836 3441 maxime
857 3396 985 3462 arguere
1007 3375 1035 3439 ei
1051 3380 1092 3454 Π)
1114 3373 1241 3451 ridetur,
1263 3372 1345 3460 quod
1369 3373 1530 3460 imperium
1552 3375 1591 3440 ah
1613 3375 1748 3441 exercitu
1771 3384 1840 3461 post
1861 3374 1995 3441 Hasdru·

279 3482 355 3548 balis
384 3491 514 3547 mortem
543 3490 647 3548 contra
672 3483 723 3569 jus
745 3504 907 3571 moresque
930 3483 1062 3549 delatum
1091 3481 1255 3569 acceperit:
1293 3482 1375 3568 quod
1406 3482 1462 3547 etsi
1485 3481 1668 3568 Cartbagine
1698 3485 1910 3550 confirmatum
1939 3493 1994 3565 est,

278 3601 380 3656 tamen
412 3590 442 3655 id
465 3590 627 3656 Hannibali
661 3593 823 3680 contigisse
860 3593 991 3658 affirmat
1012 3593 1171 3657 Ernestius
1204 3590 1299 3677 magis
1327 3611 1381 3677 per
1414 3591 1509 3677 plebis
1537 3591 1688 3658 levitatem
1718 3602 1749 3659 et
1782 3593 1994 3669 temeritatem,

279 3720 372 3788 quam
395 3707 518 3764 senatus
540 3698 697 3785 prudentis
719 3701 906 3785 gravitatem.
951 3701 1047 3766 Aliter
1069 3722 1142 3767 sane
1165 3699 1209 3765 vir
1231 3699 1279 3764 ille
1299 3698 1476 3785 judicasset,
1503 3701 1528 3764 si
1551 3709 1583 3765 et
1604 3701 1809 3769 conditionem
1833 3702 1993 3779 exercitus,

279 3819 441 3896 postquam
458 3806 629 3874 Hasdrubal
653 3807 789 3887 decessit,
812 3817 843 3874 et
864 3810 1023 3887 rationem,
1046 3831 1126 3896 quae
1149 3810 1226 3875 inter
1237 3808 1500 3893 Carthaginienses
1522 3818 1553 3872 et
1574 3819 1694 3895 gentem
1718 3810 1878 3875 Barcinam
1902 3810 1993 3876 inter·

279 3916 415 3993 cedebat,
439 3915 609 3980 accuratius
631 3916 888 3983 considerarisset.
932 3918 1030 3985 Nemo
1052 3917 1134 3983 anim
1157 3925 1218 3982 tam
1240 3937 1345 3983 vecors
1367 3925 1491 4003 tamque
1512 3925 1614 3982 mente
1636 3927 1741 4006 captus
1763 3915 1895 3994 videtur,
1918 3918 1994 4004 quin

279 4026 440 4111 intelligat,
476 4023 609 4110 aliquem
638 4022 760 4089 tandem
789 4025 980 4113 imperatoris
1007 4026 1141 4091 defuncti
1171 4025 1249 4089 vices
1277 4025 1398 4111 explere
1426 4024 1580 4103 debuisse,
1617 4025 1714 4092 donec
1742 4024 1772 4089 in
1795 4024 1994 4102 Hasdrubalis

278 4137 380 4201 locum
409 4137 462 4221 qul
490 4131 679 4211 succederet,
713 4144 836 4200 senatus
869 4134 1061 4223 populusque
1083 4132 1338 4219 Carthaginiensis
1371 4132 1589 4200 declararisset
1633 4134 1701 4201 lam
1729 4152 1825 4219 quum
1854 4132 1993 4201 lectionis

278 4245 426 4311 Barcinae
458 4263 533 4328 opes
565 4241 653 4307 Liuio
690 4249 766 4307 teste
783 4249 824 4325 ²⁵)
856 4241 936 4329 apud
969 4242 1078 4307 milites
1118 4241 1297 4328 plebemque
1331 4241 1398 4328 plus
1435 4262 1528 4329 quam
1565 4242 1701 4309 modicae
1736 4250 1837 4307 essent
1865 4243 1994 4331 ejusque

279 4351 459 4427 auctoritas,
493 4358 529 4413 ut
550 4348 627 4415 inire
650 4348 841 4428 docebimus,
858 4338 906 4416 'in
928 4360 1036 4416 senatu
1064 4370 1188 4437 quoque
1210 4351 1342 4416 maxime
1364 4350 1489 4428 valeret,
1522 4350 1603 4418 hod
1627 4350 1719 4416 dubis
1740 4370 1789 4415 res
1811 4349 1882 4429 luit,
1917 4353 1993 4441 quin

189 4461 195 4474 '
279 4460 365 4526 lavor
387 4459 478 4524 etiam
502 4457 598 4544 plebis
620 4459 860 4543 praerogativum
888 4459 969 4525 illam
993 4458 1152 4525 militarem
1176 4467 1368 4545 sequeretur,
1402 4480 1494 4548 quam
1517 4481 1553 4526 ea
1575 4467 1693 4525 tantum
1715 4458 1890 4526 conditione
1911 4462 1994 4527 Han·

278 4567 410 4633 nibalem
433 4567 577 4653 probasse
605 4564 766 4631 verisimile
794 4575 856 4645 est,
893 4576 929 4634 ut
960 4566 1065 4632 eadem
1094 4586 1112 4630 a
1139 4575 1246 4633 senatu
1274 4567 1448 4655 populoque
1470 4566 1711 4654 Carthaginiensi
1734 4568 1993 4654 comprobaretur.

279 4675 373 4756 Quod
402 4696 498 4762 quum
526 4695 631 4741 revera
660 4672 772 4741 lactum
803 4696 869 4741 esse
895 4675 997 4761 plures
1026 4682 1174 4741 testentur
1203 4674 1363 4761 scriptores
1383 4681 1445 4756 πθ),
1489 4697 1552 4743 non
1579 4674 1789 4761 intelligimus,
1833 4696 1896 4763 quo
1924 4678 1994 4765 jure

349 4919 391 4991 tu)
408 4918 453 4974 ΙΙΙ.
473 4934 495 4974 c
512 4917 537 4974 8.
554 4919 580 4973 b.
598 4871 636 4961 -⁴
650 4918 692 4988 te)
709 4917 755 4974 111.
773 4934 796 4974 c.
814 4919 838 4974 ll.
857 4949 889 4960 -
908 4918 954 4990 tt)
972 4918 989 4973 l.
1008 4934 1030 4975 c
1047 4933 1075 4990 p.
1095 4917 1151 4974 tut.
1171 4947 1201 4958 -
1221 4916 1264 4989 lb)
1282 4915 1355 4973 XXI.
1374 4934 1395 4973 c.
1413 4917 1480 4975 2⁴.

347 5007 393 5078 lb)
411 5005 507 5078 Polyb.
524 5003 569 5060 ΠΙ
588 5022 610 5061 c.
630 5005 669 5061 tt
688 5004 743 5060 hir.
761 5004 837 5063 xxt
854 5022 875 5061 c.
894 5006 918 5060 :t
935 5005 1054 5077 Appiam
1073 5004 1108 5059 de
1125 5004 1209 5060 rebus
1226 5002 1343 5076 Hispan.
1361 5020 1384 5064 c
1401 5005 1419 5062 8
1442 5011 1483 5062 sat
1498 5005 1516 5077 ἡ
1532 5011 1717 5082 Καρχηδονίων
1738 5008 1840 5079 βουλὴ
1865 5015 1993 5064 συνέθετο.

277 5095 353 5152 ldem
372 5094 408 5150 tle
425 5092 499 5150 bello
516 5091 622 5148 Annib-
640 5109 662 5149 c.
680 5092 704 5150 3.
722 5099 763 5149 col
780 5092 795 5149 i
812 5097 848 5166 clip
853 5116 912 5165 μσς
929 5091 943 5149 ὅ
959 5097 1143 5168 Καρχηδονίων
1160 5089 1228 5164 αι’πῷ
1242 5093 1289 5167 sip
1306 5101 1457 5168 crpnqylar
1472 5093 1630 5167 hraqippccn.
