4560 6030
943 383 1322 450 ..ng-„-

1013 645 1189 746 caput
1212 645 1258 728 1.
1915 740 1924 755 Ι,

967 796 1311 915 acccersunt.
1890 756 1976 923 ‘tp

367 991 511 1077 Polybius
525 988 811 1074 Megalopolitanus,
834 986 920 1072 cujus
934 994 1017 1050 aetas
1038 985 1069 1049 in
1092 1005 1127 1050 ea
1150 982 1301 1049 incidebat
1315 991 1463 1069 tempora,
1486 979 1599 1068 quihus
1614 981 1746 1067 primum
1761 982 1893 1047 Romani
1908 1000 1992 1047 arma

281 1099 415 1167 ricuicia
437 1106 522 1164 extra
545 1097 664 1163 ltaliam
688 1096 824 1162 tulerunt
845 1102 876 1159 et
902 1091 996 1159 totius
1017 1091 1079 1158 lere
1104 1092 1188 1159 orbis
1215 1100 1365 1157 terrarum
1395 1088 1557 1176 imperium
1584 1088 1642 1154 sihi
1670 1099 1868 1175 paraverunt,
1900 1090 1992 1156 rebus

283 1202 402 1291 patriae
422 1202 658 1291 Philopoemene
682 1212 713 1267 et
734 1203 863 1288 Lycorta
886 1200 1014 1267 ducibus
1036 1201 1172 1267 interfuit
1188 1207 1229 1284 5);
1257 1209 1322 1266 tum
1346 1199 1440 1264 tracto
1463 1197 1526 1262 lere
1547 1195 1670 1262 loedere
1692 1197 1824 1264 Achaico
1846 1220 1915 1263 oum
1939 1218 1992 1263 no·

280 1310 437 1383 hdissimis
448 1311 578 1383 Achaeis
591 1313 723 1381 Romam
737 1311 770 1378 in
786 1309 925 1379 exs'diom
948 1308 1104 1387 deductu
1126 1319 1250 1399 propter
1271 1307 1386 1394 ingenii
1408 1305 1575 1375 bonitatem
1598 1313 1629 1371 et
1651 1305 1801 1393 insignem
1821 1306 1992 1379 doctrinan

281 1425 312 1483 et
332 1417 377 1483 rei
400 1417 536 1485 militaris
559 1418 698 1507 peritiam
722 1439 793 1484 mor
809 1416 1134 1505 praestantissimorum
1150 1419 1369 1494 homanorum,
1384 1414 1572 1501 Scipionum,
1589 1413 1839 1492 Aemilianorum,
1862 1414 1992 1480 aliorum

282 1527 501 1592 consuetudine
523 1548 597 1594 usus
619 1535 666 1592 est
683 1532 713 1608 ο)
733 1546 832 1612 caque
854 1533 914 1590 tam
938 1525 1096 1611 singulari,
1122 1534 1158 1592 ut
1179 1524 1282 1612 Scipio
1313 1522 1362 1590 ille
1384 1521 1545 1590 Africanus
1572 1521 1629 1588 sibi
1653 1521 1812 1609 Polybium
1835 1531 1900 1588 bam
1922 1543 1993 1588 oon-

281 1634 416 1700 siliorum
439 1644 505 1701 tum
527 1655 629 1701 rarum
651 1634 854 1720 gerendarum
877 1633 1018 1701 comitem
1039 1643 1074 1702 at
1091 1632 1319 1721 quadammodo
1342 1634 1459 1698 socium
1482 1632 1668 1718 adjungeret
1711 1633 1779 1698 lluc
1802 1630 1936 1708 accessit,
1959 1637 1994 1695 ut

281 1742 425 1829 Polybio,
456 1764 551 1829 quum
580 1745 696 1810 Romae
724 1752 974 1821 commoraretur,
1009 1763 1116 1828 magna
1147 1763 1212 1807 sose
1239 1742 1363 1807 offerret
1389 1740 1477 1826 copia
1506 1759 1610 1803 rerum
1639 1739 1670 1802 in
1699 1758 1788 1802 usum
1816 1738 1919 1824 operis
1946 1738 1994 1803 sui

280 1848 514 1935 colligendarum
521 1873 529 1925 ;
561 1851 636 1917 adiit
657 1850 748 1928 enim,
771 1860 806 1917 ut
828 1861 943 1916 taceam
965 1851 1004 1916 dc
1018 1850 1188 1917 Annalibus
1205 1850 1361 1926 Maximis,
1399 1869 1478 1936 quos
1499 1848 1531 1912 in
1553 1866 1646 1932 opere
1668 1866 1725 1911 suo
1747 1846 1907 1913 condendo
1922 1868 1993 1912 eum

283 1956 455 2024 adhibuisse
478 1959 639 2026 verisimile
662 1968 716 2036 est,
739 1958 857 2024 tabulas
879 1958 944 2023 illas
966 1980 1083 2036 aeneas,
1105 1959 1186 2045 apud
1208 1963 1315 2024 lovem
1339 1956 1545 2045 Capitolinum
1569 1954 1600 2019 in
1614 1953 1768 2023 Aedilium
1791 1955 1910 2020 aerario
1933 1974 1994 2019 ser-

282 2075 380 2143 ratas,
409 2066 440 2131 in
467 2069 578 2155 quibus
608 2068 729 2134 loedere
758 2074 844 2131 erant
873 2066 965 2132 incisa
986 2073 1029 2144 ¹),
1059 2065 1130 2133 iude
1156 2067 1194 2133 ah
1229 2065 1447 2153 antiquissimis
1475 2063 1663 2150 temporibus
1685 2063 1765 2128 inter
1785 2064 1942 2129 Romanos
1964 2071 1995 2127 et
2072 2080 2075 2084 “

283 2172 546 2260 Carthaginienses
575 2177 633 2242 icta
662 2186 693 2241 et
714 2173 832 2261 Polybii
861 2174 958 2240 aetate
990 2197 1051 2239 non
1079 2175 1177 2240 solum
1206 2174 1347 2239 maximis
1370 2183 1444 2239 netu
1455 2172 1611 2238 'Romanis
1634 2171 1751 2255 ignota,
1775 2191 1878 2237 aerum
1902 2170 1994 2237 etiam

280 2280 352 2355 uiris
374 2303 492 2361 eorum,
513 2306 592 2372 quae
615 2285 652 2350 ad
675 2281 892 2368 rempublicam
907 2291 1051 2368 spectant,
1073 2281 1209 2348 omnium
1221 2282 1338 2369 judicio
1352 2281 1561 2369 peritissimis;
1583 2300 1677 2367 porro
1691 2279 1845 2347 consuluit
1860 2278 1994 2347 tabulam

282 2388 365 2461 illam
388 2410 524 2467 aeneam,
547 2389 579 2455 iu
601 2388 726 2457 Lacinio
749 2391 959 2477 promontorio
982 2392 1021 2456 ab
1041 2390 1211 2456 llannibalc
1233 2389 1423 2477 descriptam,
1446 2410 1509 2477 qao
1531 2398 1670 2474 tempore
1692 2386 1742 2453 hic
1763 2387 1795 2453 in
1817 2387 1868 2452 illa
1890 2386 1995 2453 ltaliae

284 2516 338 2565 ora
360 2496 536 2571 vertebatur
555 2503 584 2574 8)
614 2516 713 2584 neque
741 2497 947 2585 minuspecis
968 2497 1157 2567 conditiones
1175 2503 1213 2581 ⁹),
1235 2507 1357 2585 senatus
1379 2498 1516 2565 oensulta
1539 2504 1580 2575 ¹⁰)
1603 2507 1635 2561 et
1659 2496 1813 2564 orationes
1834 2495 1867 2561 in
1889 2503 1996 2565 seuam

280 2601 398 2681 tebius
418 2607 460 2687 ¹²)
481 2604 514 2673 in
535 2624 624 2675 usum
647 2603 783 2673 laturum
805 2606 966 2691 congessit.
997 2606 1154 2675 Praeterea
1170 2607 1264 2673 madta
1284 2608 1323 2674 ab
1338 2607 1385 2687 iis,
1407 2606 1461 2694 qui
1477 2606 1568 2699 rebus
1583 2604 1794 2681 interfuerunt,
1809 2603 1929 2689 accepit
1941 2608 1995 2682 ¹²)s

282 2711 348 2801 ipse
369 2711 443 2785 vidit
466 2710 657 2799 Carthmims
678 2711 829 2779 excidium
852 2722 884 2779 et
903 2714 1017 2784 bellum
1039 2714 1273 2793 Numantinum,
1297 2714 1413 2787 risendi
1436 2722 1467 2781 et
1489 2713 1623 2780 veritatis
1644 2711 1873 2798 cognoscendae
1894 2709 1996 2781 santio

283 2819 342 2889 iter
362 2820 523 2911 paratpcs
542 2818 613 2891 lesit
634 2827 676 2899 ¹³)
698 2829 729 2888 et
743 2822 839 2891 madta
859 2822 954 2891 subiit
975 2822 1106 2909 pericula
1122 2823 1156 2891 iu
1168 2822 1280 2902 ltlrica,
1303 2823 1459 2909 lliapania,
1483 2806 1580 2889 Gallia
1597 2821 1792 2908 peragrandis
1808 2820 1996 2907 Ocemcnm

282 2928 434 3003 Atlantico
456 2928 626 3015 navigando
648 2936 701 3008 ¹⁴).
746 2936 929 3001 Accuratsm
950 2931 1083 3019 deniquo
1108 2931 1249 2999 notitiam
1281 2931 1388 2999 hahuit
1416 2931 1598 3017 scriptorum
1621 2938 1652 2995 et
1673 2929 1860 2997 Graecorum
1884 2937 1917 2994 et
1935 2928 1997 2995 llo

283 3056 455 3112 manorum,
477 3057 515 3102 ex
531 3036 643 3124 quihus
657 3036 722 3123 ipse
737 3039 874 3105 nominat
887 3038 1052 3118 Philinum,
1067 3038 1277 3127 Phylorahmn,
1292 3039 1469 3118 Chaeream,
1485 3039 1627 3116 Sosilum‚
1644 3037 1812 3115 Timaeum,
1826 3036 1997 3123 Ephorum,

284 3142 525 3231 Theopompum,
548 3144 639 3218 alios;
661 3165 700 3210 ex
721 3148 869 3213 Romanis
891 3169 987 3219 unum
1003 3147 1044 3228 Q.
1057 3148 1185 3215 Fabium
1208 3147 1370 3226 Pictorem,
1393 3147 1641 3235 antiquissimum
1663 3166 1766 3211 rerum
1788 3147 1997 3213 Romanarum

284 3251 470 3339 scriptorem.
515 3251 658 3339 Polybius
679 3261 726 3319 tot
747 3259 900 3343 tantisque
922 3254 1065 3324 subsidiis
1087 3265 1212 3323 ornatus
1235 3277 1331 3343 quum
1354 3255 1392 3322 ad
1415 3255 1572 3322 historiam
1588 3252 1778 3320 scribendam
1799 3252 1997 3329 incumberet

284 3381 347 3429 uon
374 3367 420 3427 est
447 3357 694 3448 dubium,.quin
718 3383 780 3449 quo
808 3374 874 3430 erat
900 3364 1013 3451 ingenii
1035 3365 1190 3442 acumine,
1211 3385 1260 3431 res
1283 3385 1369 3429 veras
1390 3363 1504 3430 relerre
1526 3361 1669 3450 potuerit
1713 3364 1856 3428 Attamen
1878 3361 1936 3427 nisi
1959 3358 1998 3427 ad

284 3464 362 3533 hano
385 3467 528 3533 virtutem
549 3468 685 3534 historici
708 3470 799 3535 etiam
829 3473 967 3540 volontas
994 3472 1115 3540 accedat
1136 3491 1242 3538 veram
1265 3471 1438 3557 profitendi,
1461 3491 1497 3536 ea
1520 3469 1602 3536 haud
1625 3468 1725 3554 magni
1742 3468 1928 3535 aestimanda
1943 3476 1998 3537 cat

286 3573 355 3641 Jam
377 3573 468 3657 igitur
489 3577 675 3663 argumentis
689 3579 880 3665 probandum
903 3591 957 3659 est,
980 3590 1140 3668 utramque
1155 3579 1298 3647 virtutem
1314 3580 1346 3645 in
1362 3599 1455 3666 opere
1470 3578 1638 3664 Polybiano
1653 3577 1845 3663 conjunctam
1861 3573 2000 3643 inveniri.

287 3681 464 3760 Historiam,
487 3692 522 3749 ut
536 3683 692 3751 Ciceronis
714 3690 753 3768 15)
776 3687 875 3753 uerbis
898 3697 974 3766 utar,
998 3698 1102 3755 testem
1126 3711 1192 3757 esse
1214 3696 1398 3775 temporum,
1421 3686 1519 3752 lucem
1544 3685 1686 3763 veritatis,
1710 3685 1801 3750 sitam
1824 3683 1999 3761 momoriae,

286 3791 461 3879 magistram
484 3791 578 3869 ritae,
608 3792 746 3858 nuntiam
769 3796 940 3875 vetustatis,
963 3795 994 3860 id
1017 3797 1128 3883 optime
1147 3796 1210 3883 jam
1232 3804 1304 3861 anm
1334 3805 1487 3860 oratorem
1511 3793 1596 3860 illum
1619 3793 1773 3879 perspexit
1793 3801 1922 3881 totoque
1944 3812 2001 3861 suo

286 3922 380 3989 opere
401 3899 564 3967 declaravit
583 3900 738 3987 Polybius,
761 3901 811 3967 cui
833 3912 899 3968 erat
920 3903 1107 3989 propositum
1131 3905 1249 3980 docere,
1272 3925 1335 3968 noo
1358 3902 1517 3967 delectare.
1547 3899 1631 3981 Quid
1655 3902 1783 3969 senserit
1805 3902 1843 3965 de
1866 3900 2001 3978 veritato,

286 4029 405 4079 mmma
426 4007 570 4075 hhtoriae
591 4008 717 4087 virtute,
745 4009 914 4078 luculenter
936 4011 1114 4096 significarit
1134 4012 1184 4079 lib.
1206 4015 1232 4082 1.
1256 4034 1282 4082 c.
1309 4011 1359 4082 tt.
1384 4010 1425 4088 6.,
1448 4009 1502 4076 ubi
1524 4009 1682 4076 historiam
1706 4009 1831 4075 veritate
1853 4009 2002 4093 privatam

286 4116 491 4186 narrationem
512 4114 625 4183 nullius
648 4135 723 4181 usus
745 4118 928 4212 (ἀνωφελὲς
949 4114 1106 4206 διήγημα)
1139 4121 1272 4208 appellat
1298 4138 1429 4205 eamqare
1461 4137 1530 4183 cum
1560 4117 1683 4183 animali
1710 4125 1881 4202 comparat,
1918 4113 2004 4203 quod

287 4224 454 4297 luminibus
477 4223 595 4292 amissis
616 4243 741 4311 prorsus
770 4223 876 4291 inutile
904 4223 1063 4300 reddatur:
1092 4225 1449 4311 ponctio.11.c.5t.
1476 4226 1526 4294 to.
1555 4245 1658 4290 rerum
1685 4223 1841 4309 scriptoris
1868 4222 2005 4293 olticium

288 4352 354 4399 esse
369 4332 450 4411 dicit,
472 4339 508 4397 ut
521 4338 615 4418 prout
629 4349 772 4420 quaeque
786 4340 870 4417 gesta
887 4332 1004 4399 dictare
1019 4333 1088 4414 sint,
1125 4336 1227 4403 omnia
1243 4356 1281 4401 ex
1297 4335 1423 4402 veritate
1438 4341 1580 4420 exponat,
1603 4333 1757 4420 finemque
1771 4353 1838 4399 esse
1851 4331 2007 4409 historiae,

286 4446 322 4506 ut
350 4438 437 4504 dictis
465 4437 612 4525 lactisque
634 4438 714 4505 veris
746 4436 776 4504 in
805 4459 896 4505 omne
923 4438 1066 4528 deinceps
1087 4462 1197 4508 aerum
1226 4441 1381 4509 studiosos
1407 4441 1536 4508 lectores
1563 4440 1672 4507 doceat
1692 4440 1793 4528 iisque
1813 4436 2005 4526 persuadeat

288 4547 359 4615 Non
374 4545 477 4611 minus
498 4546 617 4632 egregie
639 4544 698 4611 alio
721 4544 789 4611 loco
813 4546 1069 4628 (linuntur).
1094 4547 1139 4632 9.)
1161 4548 1289 4638 scripsit,
1311 4558 1450 4616 naturam
1466 4549 1524 4615 sibi
1542 4549 1636 4615 videri
1651 4547 1828 4614 hominibus
1842 4547 2010 4614 Veritatem

289 4655 378 4722 deam
412 4654 605 4719 constituisse
639 4653 802 4720 maximam
837 4655 928 4742 eique
956 4655 1017 4721 rim
1052 4655 1197 4744 adjecisse
1232 4657 1456 4743 gravissimam3
1493 4677 1563 4721 nam
1599 4656 1673 4723 haec
1701 4656 1772 4723 licet
1797 4656 1837 4723 ab
1866 4655 2009 4723 omnibus

356 4828 385 4900 5)
402 4826 497 4898 Polyb.
514 4825 561 4882 111.
578 4843 601 4882 c.
619 4825 644 4882 2
661 4825 686 4884 2
705 4856 737 4865 —
755 4825 784 4896 b)
801 4825 898 4899 Polyb.
916 4827 1030 4885 xxm
1049 4846 1070 4886 e
1086 4830 1114 4885 o
1132 4837 1159 4885 et
1178 4829 1219 4884 to.
1239 4860 1270 4872 -
1297 4831 1325 4902 Ἰ)
1342 4829 1440 4902 Polyb.
1459 4829 1504 4885 lll.
1523 4846 1546 4885 e.
1564 4829 1656 4885 22-c.
1674 4828 1716 4886 hb
1739 4860 1771 4872 -
1798 4830 1827 4901 8)
1843 4829 1940 4904 Polyb.
1958 4827 2005 4884 lll.

287 4932 311 4971 e.
327 4915 363 4969 33
380 4921 445 4970 extr.
463 4911 520 4968 Lis.
536 4911 663 4969 xxvru
681 4929 702 4968 c.
719 4911 807 4968 ‹ld-
824 4912 850 4984 9)
867 4912 963 4986 Polyb.
981 4913 1001 4973 l.
1018 4931 1040 4971 c
1057 4915 1099 4972 bi
1117 4916 1149 4972 ll.
1168 4933 1190 4973 c
1213 4914 1253 4971 12
1270 4915 1331 4973 XV.
1350 4933 1373 4975 c.
1393 4916 1418 4972 8.
1436 4947 1469 4957 -
1491 4915 1535 4988 10)
1553 4912 1722 4990 Polyhxh.
1740 4932 1762 4972 e
1782 4915 1823 4972 ta.
1841 4933 1864 4972 c.
1878 4913 2013 4973 tecto.

286 5028 321 5047 ι-
338 5001 384 5072 ll)
402 4998 498 5071 Polyb.
515 4996 613 5054 xvm
631 5015 655 5053 c.
671 4997 715 5054 21.
732 4996 820 5056 xxu
837 5014 859 5057 a.
879 5000 952 5056 t-o
973 4999 1073 5059 xxvt
1090 5019 1113 5060 o.
1129 5002 1156 5060 2
1175 5032 1207 5045 -
1236 5001 1282 5074 ta)
1298 5001 1394 5077 Polyb.
1412 5001 1459 5058 tv.
1479 5018 1502 5058 e.
1519 5001 1545 5062 Ξ.
1571 5033 1603 5044 -
1632 5002 1678 5075 111)
1696 5000 1792 5076 Polyb.
1810 5000 1856 5058 m
1873 5017 1895 5059 e
1912 5001 1955 5058 48.
1974 5031 2007 5043 -

281 5084 443 5161 21⁴)1’ctyb.
462 5083 510 5154 lll,
527 5083 608 5161 σιω.
626 5113 658 5126 -
680 5084 722 5156 lh)
740 5085 775 5141 de
793 5083 868 5141 Orat.
884 5085 917 5143 lh
935 5102 957 5144 c
975 5085 1002 5144 0·
