4560 6030
952 357 1340 425 *yps-.-

297 576 315 599 ἰ
380 541 452 613 lton
483 550 599 609 temere
619 488 701 602 bico
737 530 963 622 praemisimus:
999 548 1070 595 nam
1098 527 1141 594 ita
1167 529 1247 599 rism
1274 529 1366 597 nobis-
1391 528 1539 601 munium
1568 537 1712 616 putamus
1737 530 1778 597 ad
1798 532 1916 620 Polybii
1939 555 2013 605 aaa·

244 674 246 679 ·
293 650 422 725 tentiam
448 646 486 713 de
505 643 603 713 Fabio
631 650 712 710 recte
739 637 964 725 intelligendam
991 637 1134 724 justeque
1163 635 1391 705 aestimandam.
1435 641 1480 707 bo
1507 658 1581 705 sane
1601 637 1679 708 bane
1701 639 1928 727 quaestionem,
1955 663 2011 730 pas
2145 700 2149 707 .

293 756 486 832 Erbentium,
522 762 558 820 ut
578 751 773 818 Lachmanuo
791 755 834 826 ³¹)
856 754 888 812 et
908 743 1104 830 Bernhardyo
1122 750 1166 827 ⁶⁸)
1188 744 1323 824 videtur,
1360 744 1529 815 absolutam
1557 745 1659 817 denuo
1681 769 1745 817 nou
1765 748 2011 829 instituissemus,

213 928 219 940 ,
289 851 320 934 ὀἱ
341 864 407 952 ey'us
428 862 484 929 siri
507 867 685 948 argumenta
708 878 764 944 pro
785 853 871 924 Fabii
901 853 961 919 fide
974 852 1126 921 adsersus
1147 852 1308 942 Polybium
1336 853 1425 920 allata
1454 860 1589 921 nostram
1616 857 1796 923 seutentiam
1814 855 2011 944 »perfringere

292 970 471 1059 potuissent.
517 968 602 1034 Licet
623 966 679 1032 siri
702 962 784 1031 docti
805 961 965 1049 Polybium
993 960 1026 1026 in
1048 960 1114 1025 aliis
1137 980 1262 1050 quoque
1283 961 1483 1048 scriptoribus
1507 962 1680 1049 judicandis
1710 963 1893 1052 iniquiorem
1916 964 2010 1042 luisse

292 1087 427 1149 statuant
445 1084 498 1160 ³⁹),
526 1076 584 1142 boc
605 1082 688 1141 certe
709 1072 775 1137 loco
798 1069 887 1136 unice
910 1070 948 1135 de
970 1069 1064 1136 Fabio
1087 1068 1240 1155 agitaret
1262 1068 1370 1147 dicam,
1393 1069 1477 1157 quod
1500 1071 1608 1139 sentio.
1652 1078 1698 1138 hc
1720 1074 1852 1161 primum
1875 1074 2009 1163 quidem,

293 1197 329 1257 ut
350 1186 438 1256 satim
461 1188 500 1253 ab
524 1184 609 1249 initio
632 1180 830 1266 intelligatur,
864 1199 926 1286 qua
947 1177 1066 1244 ratione
1087 1178 1247 1244 Ernestius
1270 1176 1437 1244 defensoris
1459 1188 1559 1267 partes
1582 1181 1692 1266 egerit,
1726 1181 1912 1250 monendum
1934 1181 2009 1253 au'lti

292 1295 427 1372 ridetur,
451 1315 520 1361 eum
545 1312 644 1378 oeque
665 1310 771 1356 omues
792 1287 890 1364 locos,
921 1287 951 1351 in
974 1286 1086 1375 quibus
1108 1285 1253 1373 Polybius
1275 1278 1313 1352 de
1333 1285 1431 1352 Fabio
1452 1286 1604 1374 loquitur,
1632 1309 1886 1357 commemorasse
1907 1311 2009 1378 neque

292 1424 360 1481 eos,
397 1423 475 1489 quos
497 1399 610 1476 attulit,
640 1418 690 1475 ea,
714 1416 775 1485 qua
797 1381 916 1472 debuit,
939 1394 1094 1480 diligentia
1117 1394 1267 1462 lustrasse
1311 1395 1473 1462 Praetereo
1494 1395 1669 1474 Ernestius,
1692 1405 1727 1464 ut
1746 1398 1884 1464 omittam
1906 1398 2009 1484 locum

292 1510 429 1598 Dionysii
451 1503 726 1577 Halicarnasseusis
747 1503 865 1590 (hutiq.
887 1504 977 1569 Rom.
1001 1502 1052 1570 lib.
1075 1504 1099 1569 l.
1121 1525 1147 1568 ο.
1171 1503 1218 1585 6.)
1246 1502 1284 1568 de
1306 1501 1366 1571 tide
1388 1502 1429 1582 Q.
1450 1503 1537 1571 Fabii
1560 1504 1689 1581 Pictoris
1717 1504 1866 1591 insignem
1886 1500 2007 1575 silentio
2106 1535 2109 1549 »

152 1669 163 1697 ,
241 1655 243 1659 ·
292 1619 331 1687 ab
353 1619 420 1706 ipso
442 1616 655 1704 praeteritum,
678 1613 771 1680 alium
795 1611 947 1699 quendum
970 1633 1008 1676 ex
1030 1610 1137 1677 eodem
1160 1611 1306 1698 scriptore
1328 1611 1452 1678 allatum
1476 1613 1596 1700 (dutiq.
1612 1613 1703 1682 Rom.
1724 1613 1775 1680 lib.
1799 1615 1868 1681 vlt.
1888 1636 1915 1685 c.
1929 1616 2008 1690 71.)

291 1726 391 1795 obiter
412 1733 530 1791 tantum
554 1722 697 1809 inspexit,
726 1739 822 1806 quum
844 1718 918 1806 quid
942 1717 1015 1784 illud
1038 1726 1130 1796 esset,
1159 1719 1191 1784 in
1214 1740 1277 1807 quo
1300 1719 1349 1785 ille
1371 1719 1500 1807 scriptor
1521 1721 1617 1788 Fabio
1648 1721 1738 1788 fidem
1761 1721 1843 1789 bsud
1863 1721 2007 1808 exiguam

291 1835 413 1912 tribuit,
451 1853 512 1899 nou
540 1838 702 1918 reputaret.
748 1827 795 1893 lbi
832 1827 913 1893 enim
945 1847 1045 1893 sermo
1071 1836 1118 1893 est
1146 1826 1184 1892 de
1211 1827 1291 1893 ludis
1319 1848 1357 1894 ex
1386 1829 1463 1896 sotis
1484 1835 1524 1916 tls
1546 1829 1697 1896 Postumii
1727 1829 1882 1896 dictatoris
1910 1827 2005 1907 laotb,

198 1971 206 1997 x
291 1965 388 2032 mum
410 1941 618 2007 decertaturus
633 1944 712 2002 esset
733 1957 802 2000 cum
826 1935 953 2002 urbibus
963 1934 1088 2014 Latinis,
1110 1935 1311 2023 Tarquinium
1335 1937 1366 2001 in
1386 1958 1513 2022 regnum
1534 1936 1681 2006 reducere
1702 1937 1890 2005 conantibus.
1934 1938 2004 2004 Non
2092 1930 2099 1947 '

290 2061 345 2130 est,
367 2049 451 2138 quod
465 2049 603 2136 pluribus
619 2064 769 2120 moneam,
792 2043 888 2109 Fabio
910 2044 1046 2110 instituta
1057 2044 1194 2110 Romana
1216 2044 1358 2111 referenti
1381 2046 1449 2133 plus
1471 2045 1541 2111 lidei
1564 2046 1791 2114 concedendum
1814 2067 1889 2132 esse,
1912 2066 2005 2133 quam
2053 2053 2057 2060 '

288 2159 322 2227 in
349 2159 441 2226 rebus
461 2159 670 2223 Romanorum
698 2173 768 2218 cum
796 2150 951 2218 acerrimis
977 2152 1114 2218 hostibus
1146 2153 1246 2238 gestis.
1291 2153 1432 2242 Denique
1453 2155 1614 2222 Ernestius
1641 2154 1679 2221 ed
1706 2153 1886 2222 sententiam
1915 2174 2003 2220 suam

288 2265 467 2337 mmandm
490 2261 607 2350 Polybii
631 2260 810 2326 auctoritate
832 2270 936 2327 contra
959 2261 1040 2326 bunc
1062 2261 1162 2348 ipsum
1189 2262 1367 2349 scriptorem
1391 2262 1502 2340 utitur,
1537 2262 1620 2349 quod
1649 2283 1703 2351 per
1732 2284 1765 2329 se
1795 2261 1919 2350 quidem
1940 2284 2005 2330 nou
2092 2265 2099 2273 '

289 2384 369 2445 esset
390 2371 638 2459 vituperandum,
672 2368 697 2432 si
726 2368 850 2456 quidem
878 2369 929 2435 ille
957 2369 1013 2435 sibi
1036 2369 1281 2448 contradixisset,
1316 2369 1368 2437 sed
1390 2371 1552 2459 Polybium
1574 2392 1610 2437 ea
1632 2371 1782 2437 dicentem
1805 2370 1890 2450 lecit,
1924 2363 2004 2458 quate¹

288 2484 339 2553 bic
360 2490 414 2548 aut
436 2479 523 2547 aliter
545 2477 621 2543 dixit
643 2485 696 2542 aut
717 2476 842 2546 omnino
865 2499 927 2544 oon
950 2478 1206 2548 commemoravit
1252 2478 1342 2558 Quae
1368 2500 1465 2567 quum
1494 2479 1534 2545 ita
1563 2479 1637 2558 sint,
1674 2480 1798 2565 longum
1821 2479 1879 2545 iter
1900 2478 2003 2546 denuo

287 2588 493 2661 emetiendum
515 2594 613 2653 estet
634 2585 799 2672 disputatio
821 2586 859 2650 de
880 2585 968 2652 Fabii
990 2586 1049 2653 tide
1070 2587 1180 2654 iterum
1203 2585 1397 2654 instituenda.
1444 2587 1533 2667 Quae
1560 2596 1596 2653 ut
1613 2588 1696 2675 juste
1719 2587 1827 2654 ordine
1849 2587 2002 2676 procedat,

196 2685 201 2702 ⁶
287 2699 422 2789 mimum
444 2717 549 2765 omnes
572 2694 639 2762 illos
661 2694 754 2772 locos,
776 2695 808 2759 io
830 2693 943 2781 quibus
965 2694 1108 2784 Polybius
1124 2694 1211 2761 Fabii
1235 2696 1383 2774 meminit,
1406 2696 1630 2763 recensebimus
1652 2696 2014 2786 iisquesuby'uugemm,

289 2829 369 2906 quae
390 2805 551 2876 Emestius
574 2803 675 2870 minus
695 2810 777 2868 recte
799 2812 999 2891 accurateque
1022 2804 1162 2892 exposuit
1184 2802 1215 2868 io
1239 2803 1298 2869 fide
1319 2804 1406 2870 Fabii
1429 2813 1533 2871 matra
1556 2804 1717 2892 Polybium
1739 2805 1860 2871 tuenda.

374 2962 459 3023 Inter
481 2967 542 3024 tres
565 2957 630 3021 illas
652 2974 767 3030 cousus,
790 2952 903 3041 quibus
915 2954 1059 3042 Polybius
1077 2962 1122 3032 ⁶⁰)
1145 2962 1247 3020 motus
1269 2955 1433 3041 primum
1455 2954 1529 3020 illud
1552 2955 1664 3021 bellum
1675 2954 1827 3020 Punicum
1849 2953 2000 3040 exposuit,

252 3099 253 3103 =
287 3065 381 3132 altera
403 3086 440 3130 ea
462 3073 522 3143 est,
554 3061 638 3150 quod
660 3061 713 3149 qui
736 3060 897 3147 plurimum
921 3081 1021 3127 rerum
1050 3060 1188 3126 notitiam
1217 3061 1255 3127 ad
1277 3062 1352 3128 illud
1374 3063 1732 3130 scribendum-videntur
1753 3061 1902 3139 attulisse,
1930 3060 2001 3126 Pbi-

288 3173 371 3241 linus
392 3181 423 3238 et
444 3172 567 3249 Fabius,
591 3170 756 3245 veritatem,
780 3189 841 3254 qua
864 3169 924 3234 lide
946 3170 1125 3257 oportuerit,
1147 3191 1342 3258 nequaquam
1365 3173 1531 3239 retulerint
1576 3175 1622 3236 hc
1644 3171 1682 3236 de
1704 3169 1854 3241 industria
1875 3169 2000 3258 quidem

288 3302 342 3349 eos
364 3301 429 3346 esse
451 3281 610 3356 mentitos,
648 3299 743 3365 quum
767 3277 845 3342 sitae
875 3277 1012 3364 ipsorum
1040 3279 1188 3345 rationem
1218 3278 1329 3345 babeat
1356 3292 1386 3345 et
1414 3281 1562 3367 partium,
1599 3300 1675 3366 quas
1703 3279 1797 3345 secuti
1826 3279 1900 3356 sint,
1938 3300 2000 3344 non

287 3390 440 3455 existimat
461 3388 619 3475 Polybius,
648 3385 700 3453 sed
724 3383 867 3450 accidisse
889 3384 947 3450 illis
970 3384 1140 3472 quidpiam,
1169 3388 1259 3475 quale
1281 3390 1453 3454 amantibus
1482 3389 1591 3461 soleat:
1628 3408 1698 3451 nam
1721 3386 1761 3452 ob
1784 3387 1915 3474 partium
1938 3396 1999 3452 stu-

287 3497 373 3562 dium
395 3504 426 3560 et
447 3496 578 3561 effusum
601 3496 633 3561 in
654 3494 918 3579 Carthaginienses
939 3494 1072 3560 latorem
1094 3494 1215 3560 Pbilioo
1237 3497 1340 3562 omnia
1363 3497 1418 3562 bos
1440 3495 1620 3584 prudenter,
1644 3504 1741 3573 recte,
1764 3493 1883 3561 fortiter
1904 3495 1999 3560 sideri

287 3604 407 3682 iecisse,
441 3604 596 3669 Romanos
623 3605 726 3676 snas:
762 3601 857 3668 Fabio
879 3611 985 3667 contra
1007 3603 1143 3668 omnium
1172 3624 1275 3670 rerum
1298 3605 1495 3672 contrarium.
1540 3604 1750 3688 Argumentis,
1779 3604 1891 3691 quibus
1913 3624 2000 3670 suam

287 3714 325 3781 do
346 3712 468 3779 Pbilioo
491 3713 669 3778 sententiam
693 3711 823 3798 probare
842 3710 968 3789 studuit,
992 3711 1089 3778 allatis
1109 3733 1180 3777 eum
1203 3714 1293 3778 talem
1317 3714 1349 3778 in
1371 3713 1513 3778 universo
1535 3733 1629 3799 opere
1650 3711 1778 3779 inveniri
1800 3713 1945 3800 Polybius
1958 3719 2002 3795 Μ)

283 3820 476 3912 pronuntiat,
514 3817 652 3882 similiter
680 3839 752 3886 sero
779 3826 810 3884 et
831 3817 975 3894 Fabium,
1013 3818 1095 3907 quod
1130 3821 1193 3885 suis
1226 3821 1301 3887 locis
1334 3844 1367 3888 se
1396 3821 1674 3886 demonstraturum
1702 3821 1869 3907 pollicetur.
1916 3819 2000 3902 Quid

283 3930 446 3999 Ernestius
464 3927 530 4010 ⁰²)l
561 3925 604 4005 ,li
626 3926 713 4003 loci,“
739 3927 854 4014 inquit,
880 3926 1044 4014 ,quoniam
1066 3928 1193 4014 periere,
1215 3951 1277 3994 non
1300 3929 1371 3995 licet
1392 3930 1489 4008 nobis,
1512 3950 1621 3996 sereno
1643 3929 1703 3994 hoc
1725 3929 1756 3993 in
1778 3930 1907 3995 Fabium
1929 3949 2001 3994 coo·

284 4038 403 4114 tulerit,
434 4034 580 4123 judicare
624 4034 660 4098 ln
683 4034 787 4120 primis
810 4034 934 4121 quidem
958 4033 1094 4123 quinque
1119 4034 1218 4113 libris,
1252 4037 1305 4125 qui
1334 4038 1424 4104 nobis
1451 4038 1560 4121 integri
1587 4045 1715 4114 restant,
1750 4057 1819 4101 cum
1842 4035 1998 4103 historiam

216 4148 219 4157 '
284 4146 355 4215 belli
369 4144 478 4212 Punici
501 4141 626 4209 secundi
648 4161 747 4228 usque
769 4142 807 4207 ad
830 4157 963 4229 pugnam
981 4141 1171 4209 Cannensem
1195 4153 1337 4231 exponat,
1359 4154 1461 4212 tamen
1484 4146 1601 4212 nullum
1622 4144 1683 4209 tale
1705 4145 1878 4230 exemplum
1901 4146 1939 4210 ab
1962 4167 2000 4212 eo

285 4256 436 4344 prolatum
459 4251 633 4317 babemus‘
680 4250 811 4335 Egregie
840 4251 954 4318 seilicet
982 4251 1093 4317 erravit
1114 4250 1161 4317 sir
1181 4251 1232 4318 illa
1254 4253 1377 4333 doctus,
1413 4275 1509 4341 quum
1531 4252 1649 4341 Polybii
1671 4253 1937 4340 reprehensionem
1961 4255 1999 4320 ad

281 4363 370 4431 Fabii
398 4360 602 4428 narrationem
636 4357 706 4424 belli
730 4359 837 4425 Punici
867 4360 980 4447 primi
1007 4360 1158 4447 pertinere
1186 4382 1249 4427 non
1277 4362 1491 4430 recordaretur
1517 4363 1648 4450 illosque
1675 4363 1758 4429 locos
1784 4383 1846 4428 non
1876 4362 1935 4428 uisi
1967 4365 1999 4429 in

283 4469 390 4538 eadem
413 4470 513 4556 operis
534 4467 691 4554 Polybiani
713 4475 799 4553 parte
821 4467 971 4535 contineri
994 4488 1091 4555 posse
1135 4472 1239 4555 Atque
1262 4479 1423 4557 propterea
1445 4479 1563 4536 tantum
1585 4470 1684 4549 abest,
1708 4477 1743 4535 ut
1763 4488 1833 4534 cum
1855 4469 1999 4536 Ernestio

281 4579 351 4646 illos
372 4578 455 4644 locos
477 4576 602 4664 periisse
624 4576 775 4653 dicamus,
811 4584 846 4641 ut
874 4576 1007 4663 integros
1034 4574 1157 4642 eosdem
1180 4577 1218 4642 ad
1242 4587 1376 4645 nostram
1406 4587 1537 4645 aetatem
1559 4576 1732 4667 pervenisse
1754 4576 1996 4663 pronuntiemus.

349 4793 396 4950 ἕξ
414 4792 605 4948 ¹drhrrlt'ityuhss
626 4873 689 4934 clm
707 4881 840 4936 Planctus
865 4877 918 4948 (to
935 4876 1119 4950 mertanne)
1143 4896 1169 4951 p.
1187 4878 1254 4936 523:
1283 4881 1354 4948 „secr
1373 4881 1496 4948 tiemari
1519 4884 1560 4939 tn
1579 4880 1755 4950 blodelttbtclt
1778 4893 1854 4951 pogen
1879 4881 1917 4936 nte
1935 4880 1997 4938 tor·

275 4970 373 5042 thoart,
393 4970 439 5021 om
458 4965 509 5032 thm
527 4963 655 5034 Potpblut
673 4966 757 5032 motet,
777 4967 819 5035 pot
835 4961 945 5020 Ernesti
964 4961 1050 5035 Opus.
1068 4963 1134 5037 phil.
1153 4982 1178 5037 p.
1200 4964 1250 5024 tos
1266 4980 1326 5038 sqq.
1345 4967 1460 5039 adsidet
2060 4970 2064 4978 '

350 5049 652 5143 btlbacbmannlc
675 5067 700 5123 p
721 5049 882 5108 taeduit
905 5081 937 5093 -
965 5050 1011 5122 td)
1034 5051 1094 5110 bc
1115 5052 1153 5107 ltl.
1179 5051 1362 5110 allow.
1387 5083 1418 5094 -
1448 5051 1684 5125 st)1.css.-
1714 5051 1962 5124 sapientes
