4560 6030
271 573 328 655 ·Q.
349 571 464 640 Fabius
486 569 606 648 Pictor,
645 576 676 633 et
698 587 716 634 a
736 565 865 654 Polybio
895 571 927 629 et
948 561 1034 628 Livio
1063 561 1186 634 citatam
1223 565 1410 646 quapropter
1437 558 1633 646 aproposito
1661 579 1722 625 non
1750 557 1881 624 alienum
1909 557 2003 625 habui

288 681 426 769 pluribus
453 697 624 766 exponere,
663 673 737 765 quid
765 672 803 738 de
833 671 893 737 lide
922 668 1133 756 antiquissimi
1155 687 1259 735 rerum
1282 667 1490 761 Romanarum
1517 665 1672 752 scriptoris
1693 666 1838 754 Polybius
1865 666 2001 745 senserit,

287 788 362 876 qna
384 785 495 853 staur.

996 954 1173 1052 ceput
1200 952 1293 1033 vl.

858 1109 913 1203 lle
944 1105 1014 1200 lite
1045 1105 1089 1210 e.
1121 1103 1225 1199 l'abii
1257 1105 1432 1199 Pictoris

375 1299 414 1378 Q.
436 1297 565 1364 Fabium
588 1297 740 1364 Pictorem
760 1303 806 1375 43)
830 1317 878 1362 res
907 1301 1006 1380 gestas
1028 1290 1132 1378 populi
1155 1291 1286 1359 Romani
1315 1289 1385 1355 inde
1408 1290 1446 1354 ab
1474 1288 1606 1356 adventu
1627 1294 1749 1355 Aeneae
1770 1291 1909 1377 urbeque
1932 1311 1988 1355 con

288 1407 352 1473 dita
380 1405 604 1493 perscripsisse,
638 1405 807 1490 fragmento
830 1401 959 1471 Diodori
981 1399 1073 1467 Siculi
1103 1399 1171 1476 (lib.
1194 1400 1279 1465 Vlll.
1301 1398 1348 1463 ed.
1370 1397 1541 1484 Schweigh.
1565 1399 1651 1464 Tom.
1674 1399 1726 1464 lv.
1749 1420 1776 1485 p.
1800 1399 1868 1477 21.)
1891 1396 2001 1484 evinci·

286 1523 352 1592 tur,
388 1513 443 1601 qui
463 1513 592 1579 Fabium
622 1513 787 1579 memoriae
817 1510 977 1578 tradidisse
999 1515 1117 1584 narrat,
1146 1511 1269 1573 Aeneae
1291 1507 1395 1573 datum
1424 1527 1491 1571 esse
1512 1506 1669 1573 oraculum
1692 1506 1731 1572 de
1752 1506 1905 1572 animante
1927 1524 2001 1591 qua·

231 1643 234 1652 “
288 1623 439 1711 drupede‚
472 1641 552 1711 quae
579 1618 755 1687 condendae
784 1620 868 1685 urbis
896 1617 959 1683 dux
987 1617 1074 1684 soret.
1118 1614 1169 1681 Ad
1199 1635 1290 1701 quem
1313 1634 1427 1680 annum
1450 1614 1564 1680 Fabius
1591 1614 1747 1681 historiam
1770 1611 2001 1690 continuaverit,

288 1737 371 1799 certo
393 1727 452 1792 dici
475 1727 598 1814 nequit,
637 1748 732 1814 quum
761 1749 799 1793 ne
829 1736 950 1813 tempus
980 1723 1117 1812 quidem,
1156 1744 1218 1810 quo
1241 1722 1279 1789 de
1306 1723 1366 1788 vita
1389 1721 1566 1801 decesserit,
1603 1723 1676 1789 satis
1699 1723 1794 1789 firmis
1815 1721 2001 1809 argumentis
2048 1776 2051 1791 .

287 1835 431 1902 constitui
455 1835 557 1922 possit.
602 1835 710 1922 Neque
732 1835 813 1900 anim
836 1833 1030 1900 Lachmanno
1049 1841 1094 1911 44)
1124 1831 1358 1918 adstipulamur,
1393 1830 1471 1896 Livii
1496 1830 1563 1908 (lib.
1587 1832 1682 1897 va.
1706 1853 1733 1900 c.
1756 1832 1824 1910 44.)
1848 1831 1939 1898 verba
1961 1830 2000 1896 de

286 1951 386 2009 morte
408 1943 447 2022 Q.
469 1943 556 2008 Fabii
579 1942 721 2019 Pictoris,
755 1944 903 2030 praetoris
925 1952 956 2008 et
978 1940 1108 2007 llaminis
1130 1938 1313 2020 Quirinalis,
1346 1939 1384 2003 ad
1408 1939 1562 2004 annalium
1586 1939 1763 2026 scriptorem
1785 1939 1921 2027 ejusdem
1945 1963 1999 2007 no
2037 2020 2041 2039 Ι

286 2052 378 2117 minis
391 2049 540 2116 «referenti
559 2057 620 2128 ⁴⁵),
643 2070 744 2137 neque
767 2052 966 2137 Baumgartio
989 2048 1185 2125 adsentimur,
1207 2047 1260 2135 qui
1284 2046 1423 2134 appiano
1447 2045 1603 2124 (debello
1626 2047 1757 2113 Hannib.
1780 2070 1805 2114 c.
1829 2049 1900 2126 27.)
1923 2058 1999 2114 teste

286 2179 370 2234 usus,
393 2157 473 2224 ultra
495 2158 585 2223 linem
609 2158 678 2223 belli
694 2158 802 2225 Punici
825 2159 949 2225 secundi
972 2158 1099 2223 Fabium
1123 2157 1196 2222 dicit
1218 2155 1410 2242 superstitem
1434 2155 1541 2232 luisse,
1565 2175 1660 2242 quum
1684 2155 1734 2221 ille
1757 2156 1855 2223 verbis
1877 2158 1998 2236 „Kole-

285 2292 346 2335 τον
366 2272 427 2353 μὲν
452 2265 597 2351 Φάβιον,
619 2263 680 2338 τὸν
702 2277 895 2360 συγγραφέα
921 2271 1019 2335 τῶνδε
1039 2270 1105 2335 τῶν
1127 2273 1254 2357 ἔργων’*
1276 2263 1404 2348 Fabium
1428 2262 1519 2350 hujus
1547 2263 1616 2329 belli
1644 2263 1824 2351 scriptorem
1846 2265 1997 2352 appellare

286 2382 405 2460 posset,
441 2373 558 2438 etiamsi
582 2393 630 2438 res
653 2395 714 2438 non
737 2373 774 2439 ad
800 2375 889 2440 finem
915 2396 1015 2462 usque
1037 2372 1266 2461 perscripsisset
1309 2371 1369 2438 Sed
1400 2372 1457 2437 alia
1487 2370 1618 2459 quadam
1648 2371 1766 2438 ratione
1794 2372 1842 2437 hie
1864 2373 1996 2460 Appiani

184 2526 187 2531 -
285 2484 371 2546 locus
400 2488 447 2544 est
474 2479 613 2566 insignis,
654 2480 767 2568 quippe
790 2483 843 2569 qui
866 2483 906 2562 Q.
930 2482 1058 2548 Fabium
1087 2482 1218 2566 legatum
1245 2488 1315 2567 post
1342 2500 1473 2566 pugnam
1497 2479 1686 2546 Cannensem
1709 2480 1846 2567 Delphos
1869 2481 1906 2546 ad
1930 2502 1996 2547 ora-

284 2588 387 2653 culum
410 2587 547 2666 missum,
570 2589 622 2676 qui
646 2589 858 2668 sciscitaretur,
882 2591 994 2678 quibus
1017 2590 1155 2678 precibus
1177 2587 1394 2676 suppliciisque
1416 2588 1490 2656 deos
1512 2598 1637 2674 possent
1656 2588 1775 2676 placare
1789 2590 1919 2656 Romani
1939 2596 1996 2668 ⁴⁶),

285 2704 317 2761 et
339 2696 377 2775 Q.
400 2694 529 2761 Fabium
552 2696 704 2762 Pictorem
734 2697 888 2763 annalium
916 2699 1093 2786 scriptoram
1122 2699 1219 2764 virum
1248 2697 1357 2763 doceat
1383 2696 1476 2762 luisse
1504 2697 1645 2763 eundem.
1699 2696 1842 2765 Ceterum
1872 2698 1996 2763 ultimus

282 2805 383 2881 locus,
421 2824 483 2891 quo
505 2803 610 2870 Livius
631 2805 717 2870 Fabii
746 2804 881 2872 historici
904 2808 1089 2874 mentionem
1112 2807 1229 2894 iniecit,
1261 2807 1293 2871 iu
1322 2807 1432 2872 nobilis
1469 2806 1549 2872 illius
1577 2806 1614 2872 ad
1637 2806 1848 2872 Trasimenum
1877 2827 1997 2893 pugnae

256 2902 259 2911 “
283 2912 485 3000 descriptione
508 2912 695 2990 (lib.xx1l.
719 2937 746 2986 e.
769 2916 814 2993 7.)
838 2917 946 3003 legitur
961 2923 1019 2995 ⁴¹),
1042 2917 1082 2983 ita
1104 2924 1140 2982 ut
1162 2915 1192 2979 in
1215 2913 1453 3001 fragmentorum
1468 2915 1674 2981 Fabianorum
1698 2914 1848 3002 paucitate
1869 2916 1996 2980 omnino

282 3042 345 3085 non
368 3020 463 3107 possit
484 3021 565 3097 erui,
599 3041 760 3110 quousque
782 3024 887 3090 Livius
908 3025 1036 3090 Fabium
1064 3025 1173 3090 ducem
1194 3032 1316 3089 secutus
1338 3023 1378 3088 sit
1400 3024 1430 3088 in
1454 3023 1545 3089 rebus
1568 3022 1637 3089 helli
1660 3022 1767 3089 Punici
1796 3024 1920 3088 secundi
1944 3046 1995 3089 ex-

285 3127 442 3216 ponendis.
489 3133 523 3191 ln
546 3149 656 3214 magno
679 3124 751 3195 sane
774 3129 866 3196 luisse
888 3131 1004 3198 honore
1019 3133 1146 3199 Fabium
1169 3131 1250 3219 apud
1265 3132 1430 3210 Romanos,
1450 3133 1512 3218 J'am
1535 3130 1605 3197 inde
1628 3130 1808 3198 concludere
1824 3153 1995 3218 possumus,

285 3235 384 3324 quod,
427 3244 462 3300 ut
490 3255 583 3322 supra
614 3236 763 3321 diximus,
803 3260 821 3304 a
851 3250 959 3305 senatu
981 3241 1114 3328 Delphos
1142 3242 1257 3326 legatus
1286 3241 1396 3305 missus
1425 3250 1486 3317 est,
1523 3240 1605 3306 unde
1633 3241 1726 3338 simul¹
1754 3241 1852 3326 colligi
1886 3248 1994 3327 potest,

235 3387 243 3399 ι
282 3344 412 3410 Fabium
436 3341 473 3407 ad
502 3343 640 3410 ordinem
663 3348 849 3413 senatorium
878 3349 1074 3434 pertinuisse,
1110 3349 1139 3414 id
1170 3347 1251 3436 quod
1275 3348 1392 3434 Polybii
1413 3357 1457 3425 ⁴⁸)
1486 3350 1667 3415 auctoritate
1695 3349 1841 3417 firmatur.
1886 3349 1995 3436 Neque

282 3473 354 3517 vero
382 3451 465 3536 parri
495 3450 629 3538 ejusdem
668 3453 812 3521 historiae
840 3478 856 3522 a
886 3459 1084 3544 scriptoribus
1106 3458 1252 3522 Romanis
1284 3456 1425 3521 videntur
1456 3478 1521 3523 esse
1553 3456 1689 3534 habitae,
1727 3479 1823 3542 quum
1846 3458 1993 3546 Dionysio

282 3558 538 3627 Halieumassensi
569 3569 645 3663 teste
664 3571 709 3640 ⁴⁹)
733 3565 768 3634 L.
791 3563 914 3632 Cincius
937 3566 1121 3643 Alimentus,
1158 3565 1202 3637 Μ,
1225 3564 1353 3629 Porcius
1375 3563 1466 3642 Cato,
1501 3567 1535 3630 L.
1559 3563 1742 3652 Calpurnius
1763 3568 1835 3633 Piso
1866 3577 1897 3633 et
1927 3567 1995 3633 reli-

284 3688 416 3755 quorum
444 3687 546 3733 rerum
575 3656 756 3757 scriptorum
787 3673 924 3759 plerique
952 3695 1021 3739 curn
1051 3681 1261 3761 sequerentur.
1306 3673 1395 3753 Quae
1424 3694 1520 3760 quum
1541 3673 1591 3737 'ita
1613 3673 1687 3752 sint,
1725 3696 1836 3762 operae
1864 3677 1995 3763 pretium

284 3777 342 3842 erit
363 3775 412 3841 hie
434 3796 600 3862 exponere,
632 3779 705 3866 quid
729 3779 800 3845 fidei
823 3781 966 3868 Polybius
989 3782 1142 3859 tribuerit,
1171 3781 1245 3868 quid
1268 3781 1372 3847 Livius
1395 3782 1505 3860 Fabio,
1535 3781 1587 3847 uni
1611 3779 1687 3846 sonti
1711 3784 1748 3848 ab
1770 3793 1902 3872 utroque
1925 3784 1996 3850 scri-

352 3952 399 4021 43)
418 3949 581 4021 Fragmenta
599 3950 682 4022 hujus
702 3953 841 4024 scriptoris
860 3953 968 4025 collegit
985 3953 1156 4009 Krausius
1175 3953 1204 4008 in
1221 3953 1303 4015 libro,
1322 3953 1370 4023 qui
1390 3953 1561 4009 inscribitur:
1580 3953 1658 4010 Vitae
1671 3965 1697 4010 et
1714 3957 1863 4028 fragmenta
1874 3968 1996 4014 veterum

282 4036 476 4093 historicorum
495 4036 690 4094 Romanorum.
709 4057 736 4111 p.
753 4040 789 4095 50
807 4055 847 4112 sq.
862 4039 1126 4111 Baumgartius,
1159 4041 1237 4111 cuius
1261 4038 1415 4094 dissertatio
1441 4040 1475 4094 de
1493 4039 1526 4107 Q.
1545 4041 1633 4096 Fabio
1650 4042 1757 4101 Pictore
1780 4043 1882 4099 abhinc
1900 4044 1995 4101 decem

283 4123 363 4180 annis
381 4122 559 4179 Vratislaviae
576 4124 691 4196 prodiit,
710 4125 837 4197 quintum
855 4137 947 4200 caput.
966 4128 1041 4199 quod
1060 4136 1100 4182 est
1116 4127 1151 4181 de
1170 4126 1224 4181 side
1242 4135 1323 4197 atque
1341 4125 1499 4180 auctoritate
1516 4125 1549 4193 Q.
1569 4125 1658 4191 Fabii,
1676 4127 1730 4183 alio
1749 4144 1778 4184 se
1796 4137 1919 4202 tempore
1937 4131 1995 4186 edi·

282 4218 374 4266 turum
399 4224 459 4265 esse
482 4209 615 4281 promisit
650 4210 703 4267 Pro
722 4213 802 4268 Fabii
826 4215 880 4270 lide
905 4215 1034 4271 adversus
1051 4213 1197 4286 Polybium
1223 4211 1331 4284 scripsit
1352 4211 1537 4268 Ernestius
1561 4213 1590 4267 in
1615 4214 1755 4285 opusculis
1777 4216 1871 4287 pbilol.
1896 4218 1996 4275 criticis

281 4313 308 4366 p.
328 4296 379 4353 loa
396 4311 466 4368 sqq,
485 4295 519 4350 de
536 4297 614 4368 cujus
632 4295 816 4369 disputatione
833 4301 904 4357 intra
922 4309 1043 4358 nostram
1062 4315 1231 4372 exponemus
1249 4298 1417 4355 sententiam.

350 4385 396 4455 44)
414 4383 432 4438 l.
450 4400 471 4438 e
490 4398 515 4453 p.
536 4384 575 4438 15.
1529 4424 1530 4429 κ

351 4471 397 4539 la)
413 4469 604 4539 baumgartius
623 4470 648 4541 (l.
667 4487 688 4526 e.
707 4488 733 4543 p.
752 4474 779 4543 3)
795 4473 965 4529 Lachmanni
984 4472 1143 4530 sententiam
1163 4472 1258 4528 salsam
1277 4488 1337 4528 esse
1354 4473 1537 4544 probabiliter
1554 4473 1653 4530 docuit

351 4555 397 4624 lo)
416 4555 455 4610 Cl.
473 4563 613 4627 praeterea
630 4557 686 4612 Liv.
704 4557 791 4615 XXII.
810 4576 833 4615 e.
850 4560 892 4614 57.
910 4567 937 4615 et
953 4559 1051 4617 xxflh
1070 4576 1092 4615 e
1112 4561 1152 4614 ll.

350 4641 397 4712 47)
415 4640 606 4712 baumgartius
624 4644 641 4699 l.
660 4660 681 4700 e.
700 4661 726 4716 p.
743 4646 769 4700 4.
803 4645 911 4702 livium
930 4662 1074 4702 numerum
1099 4653 1204 4701 tantum
1221 4644 1339 4700 militum
1358 4645 1386 4700 in
1404 4645 1511 4717 proelio
1530 4646 1566 4701 ad
1583 4646 1673 4702 lacum
1691 4646 1884 4705 Trasimenum
1902 4668 1994 4708 caeso-

281 4744 344 4787 rum
371 4744 405 4782 ex
422 4726 502 4783 Fabii
526 4745 610 4801 opere
633 4729 759 4787 retulisse
776 4729 899 4805 scripsit,·
934 4733 1062 4805 equidem
1080 4731 1211 4799 dixerim,
1237 4732 1321 4788 simili
1344 4731 1668 4804 loco(llXXlll.c10)
1691 4742 1796 4802 motus,
1823 4752 1880 4794 non
1904 4738 1995 4794 solum

278 4830 424 4872 caesorum
441 4828 600 4881 numerum,
630 4817 678 4873 sed
702 4827 785 4875 totam
808 4817 882 4874 illius
900 4836 1010 4892 pugnae
1028 4818 1212 4876 namationem
1236 4827 1262 4874 et
1276 4819 1383 4875 Livium
1403 4835 1435 4875 cx
1453 4818 1542 4876 Fabio
1560 4819 1710 4892 sumpsisse
1728 4829 1754 4877 et
1770 4821 1917 4897 Polybium
1938 4824 1987 4895 (lIl
2113 4829 2115 4833 ’

276 4918 302 4958 e.
320 4902 374 4972 84).
392 4916 512 4973 quocum
529 4901 637 4959 Livium
656 4905 804 4961 maximam
821 4914 926 4977 partem
945 4906 1159 4963 consentientem
1176 4905 1339 4962 invenimus.
1394 4975 1397 4981 Ι

348 4989 394 5071 48)
411 4987 455 5043 ΠΙ.
475 5003 496 5041 c.
514 4987 538 5042 9.
573 4995 620 5045 τοῦ
637 4997 766 5068 συνεδρίου
782 5004 879 5065 μετεῖχε
897 4998 946 5050 τῶν
957 4993 1095 5066 Ῥωμαίων.

348 5073 504 5145 49))411841.
522 5072 602 5131 Rom.
619 5075 667 5134 lib.
685 5077 704 5133 Ι.
723 5095 745 5134 c.
763 5079 803 5135 79.
