4560 6030
33 5084 69 5119 δ

804 389 1194 455 -..ῃ...

144 571 231 652 ptore
259 560 417 628 nominato
444 567 475 625 ot
495 559 573 625 hanc
595 560 635 626 ob
663 580 728 625 ram
755 561 890 649 utrique·
907 560 1077 638 communi,
1115 581 1303 650 quamquam
1331 570 1362 628 ot
1395 563 1476 629 alios
1503 562 1665 630 historicos
1694 572 1870 654 utrumque·

145 670 347 739 communitor
374 667 563 734 consuluisse
590 658 753 735 verisimile
780 677 827 734 ast
843 675 907 747 ⁶⁰),
940 689 1020 756 quos
1048 678 1165 746 umen,
1201 668 1285 756 quod
1313 669 1437 736 nomina
1466 691 1573 736 eorum
1602 680 1642 741 et.
1655 672 1800 759 Polybius
1826 681 1858 738 at

144 778 251 846 Livius
271 776 391 843 silentio
415 776 647 864 praeteriomnt,
670 777 701 843 in
724 777 822 842 lucem
845 775 982 863 prolerre
1003 776 1093 843 nobis
1115 798 1176 843 non
1200 777 1279 843 licet

231 906 325 987 Quod
348 903 540 982 Plutarchus,
575 906 714 992 egregius
736 906 786 972 ills
808 926 929 971 morum
951 905 1153 984 existimator,
1188 906 1218 971 in
1242 905 1301 972 rita
1323 905 1449 972 Periclis
1467 914 1513 989 9¹)
1536 907 1673 985 tradidit,
1701 907 1859 974 historiam
1949 937 1955 951 ·

147 1016 185 1082 ab
215 1013 405 1102 aequalibus
427 1033 530 1078 rerum
558 1015 747 1100 temporibus
776 1013 972 1101 perscriptam
1005 1014 1114 1101 partim
1141 1013 1221 1080 odiis
1250 1023 1281 1080 et
1309 1013 1527 1091 simultatibus,
1567 1015 1676 1101 partim
1705 1017 1799 1101 gratia
1827 1024 1859 1080 et

147 1122 301 1190 blanditiis
329 1121 497 1210 inquinari,
537 1121 567 1186 id
588 1123 685 1189 Fabio
708 1122 739 1187 in
761 1143 818 1188 suo
845 1142 954 1209 opere,
988 1121 1014 1186 si
1036 1121 1195 1209 Polybium
1218 1121 1392 1199 audiamus,
1427 1121 1571 1189 accidisse
1594 1123 1721 1189 ridetur.
1766 1130 1858 1189 Ante-

148 1252 242 1321 quam
270 1231 367 1309 locos,
404 1229 568 1317 inquibus
590 1230 864 1317 Megalopolitanus
885 1250 972 1311 suam
995 1227 1033 1295 de
1055 1229 1151 1295 Fabio
1179 1230 1359 1298 sentenh'am
1382 1231 1470 1295 nohis
1497 1230 1636 1318 reliquit,
1670 1232 1700 1298 in
1724 1231 1858 1298 modium

149 1338 354 1426 proferamus,
391 1338 522 1424 primum
552 1337 716 1404 videndum
739 1339 810 1415 erit,
846 1338 967 1425 qualem
1000 1336 1050 1403 ille
1077 1337 1134 1403 sibi
1163 1338 1324 1423 imaginem
1352 1338 1487 1404 historici
1516 1339 1646 1405 absoluti
1676 1348 1706 1406 et
1734 1339 1858 1428 perfecti

150 1445 252 1511 animo
280 1445 415 1519 tinxerit:
453 1444 508 1511 hac
530 1446 611 1511 enim
635 1445 814 1512 adumbrata
836 1445 966 1534 quisque
993 1445 1080 1512 lacile
1101 1445 1157 1512 sihi
1180 1445 1389 1533 persuadebit,
1424 1467 1487 1511 non
1514 1468 1580 1512 esse
1602 1449 1735 1535 cujusvis
1757 1470 1861 1515 rerum

149 1553 315 1639 scriptoris,
338 1553 366 1618 ei
389 1552 446 1639 legi
469 1552 651 1631 satislacere,
673 1574 734 1640 qua
757 1554 828 1619 honi
851 1554 984 1620 historici
1008 1553 1141 1620 officium
1163 1554 1281 1642 Polyhii
1304 1554 1451 1620 sententia
1475 1555 1656 1621 continetur.
1700 1557 1855 1623 Historiae

150 1660 381 1727 handamentum
398 1660 468 1727 huic
483 1660 621 1749 scriptori
634 1662 833 1727 veritatem
849 1684 916 1728 esse
930 1684 1059 1751 eamque
1074 1663 1112 1729 ah
1128 1662 1194 1749 ipso
1210 1661 1331 1749 plurimi
1347 1661 1455 1729 lacum
1467 1662 1531 1750 jam
1547 1685 1637 1751 supra
1653 1665 1861 1752 exposuimus.

152 1767 360 1849 Quamobrem
383 1770 411 1835 ei
434 1768 569 1835 historici
590 1768 724 1836 officium
748 1791 809 1837 non
832 1771 862 1836 in
885 1792 922 1837 eo
944 1772 1077 1858 positum
1101 1770 1220 1865 ridetur
1237 1780 1299 1858 ⁶3),
1321 1781 1356 1837 ut
1377 1770 1526 1837 mirabilia
1549 1772 1700 1859 crepando
1723 1773 1864 1860 percellat

152 1877 326 1943 narratione
349 1899 404 1943 sua
428 1878 555 1944 lectores
577 1899 677 1965 neque
699 1886 735 1943 ut
756 1899 910 1945 sermones
932 1888 1130 1956 consectetur,
1153 1874 1231 1966 quos
1253 1879 1345 1946 luisse
1368 1879 1487 1945 habitos
1501 1878 1541 1944 sit
1563 1879 1737 1955 verisimile;
1761 1890 1814 1946 aut
1828 1890 1863 1947 ut

153 2005 204 2063 ea,
228 2006 307 2071 quae
330 2006 486 2073 quamque
507 2006 587 2063 rem,
615 1986 653 2051 de
675 2007 736 2074 qua
760 1986 873 2072 agitur,
905 1988 949 2052 rel
971 1988 1116 2075 consequi
1140 1988 1185 2052 vel
1207 1988 1344 2053 comitari
1367 1987 1493 2053 sortasse
1522 1997 1664 2074 possunt,
1696 1999 1863 2066 enumeret,

153 2093 205 2159 sed
238 2103 272 2159 ut
302 2116 339 2160 ox
369 2094 534 2160 raritate
566 2094 683 2172 omnia,
730 2104 822 2181 prout
851 2116 993 2183 quaeque
1026 2106 1107 2182 gesta
1129 2095 1253 2161 dictave
1281 2103 1366 2173 sunt,
1411 2095 1528 2160 etiamsi
1559 2117 1665 2183 parum
1696 2096 1864 2183 probabilia

151 2200 275 2284 haerint,
298 2210 441 2290 exponat.
472 2202 554 2267 Dicit
569 2190 670 2280 enim,
683 2211 717 2268 ut
732 2203 763 2267 in
779 2203 932 2289 tragoedia
948 2203 1178 2272 admirationem
1194 2214 1224 2270 et
1239 2211 1427 2290 praesentem
1442 2203 1674 2269 oblectationem
1690 2194 1865 2271 auditorum

154 2307 276 2393 quaeri,
312 2309 352 2374 ita
375 2309 405 2374 in
428 2309 553 2376 historia
577 2309 662 2377 lactis
684 2311 833 2399 dictisque
862 2312 964 2386 reris
990 2312 1116 2378 lectores
1138 2312 1291 2378 docendos
1313 2332 1392 2385 esse;
1428 2319 1463 2376 ut
1485 2310 1565 2398 apud
1587 2311 1717 2398 tragicos
1739 2333 1866 2399 regnare

155 2414 407 2500 probabilitatem,
424 2417 757 2506 quamvismendacem,
774 2420 815 2486 ita
825 2421 906 2508 apud
917 2441 1019 2487 rerum
1035 2421 1196 2507 scriptores
1210 2420 1410 2488 veritatem
1427 2419 1465 2484 ad
1480 2418 1686 2486 studiosorum
1697 2420 1868 2488 utilitatem.

130 2510 133 2517 ’
154 2522 234 2588 Huic
256 2524 350 2609 igitur
371 2536 546 2614 praecepto,
570 2549 632 2615 quo
656 2528 765 2595 raritas
788 2537 942 2617 tamquam
965 2529 1067 2595 lumen
1089 2528 1233 2595 historiae
1255 2529 1362 2596 ceteris
1383 2527 1526 2594 omnibus
1546 2528 1638 2594 rebus
1660 2528 1868 2616 praeponitur,

155 2629 321 2697 admodum
343 2640 390 2699 e'st
411 2645 663 2715 consentaneum,
685 2635 844 2724 Polybium
863 2643 906 2720 ⁶³)
929 2638 1059 2725 graviter
1081 2637 1179 2703 invehi
1203 2638 1233 2703 in
1256 2659 1309 2704 eos
1330 2658 1432 2703 rerum
1456 2637 1632 2724 scriptores,
1667 2637 1719 2724 qui
1742 2637 1773 2702 in
1796 2658 1868 2724 ope·

154 2738 240 2804 ribus
262 2742 324 2807 suis
347 2742 473 2809 lectores
496 2744 660 2810 mendaciis
682 2744 784 2811 fallere
806 2747 941 2833 cupiunt
984 2747 1085 2813 Probe
1106 2755 1208 2811 tamen
1231 2745 1292 2811 duo
1315 2744 1473 2832 distinguit
1495 2743 1722 2811 mendaciorum
1745 2765 1870 2831 genera:

155 2867 268 2927 unum,
290 2851 372 2937 quod
395 2853 434 2917 ah
457 2852 646 2937 ignoratione
668 2853 730 2920 veri
754 2854 963 2941 proficiscitur,
986 2856 1123 2934 alterum,
1146 2853 1229 2943 quod
1252 2875 1268 2919 a
1292 2862 1374 2920 certo
1397 2853 1489 2919 animi
1513 2853 1668 2942 proposito
1691 2852 1868 2926 mentiendi,

156 2959 219 3039 Qui
244 2959 336 3044 igitur
358 2960 530 3045 ignorantes
552 2984 569 3028 a
592 2983 664 3028 vero
687 2962 904 3041 aberraverint,
928 2964 965 3028 iis
987 2962 1061 3028 dicit
1081 2962 1225 3050 Polybius
1248 2962 1366 3028 reniam
1389 2983 1455 3027 esse
1477 2961 1622 3036 dandam
1659 2962 1712 3048 qui
1734 2983 1807 3027 sero
1830 2961 1869 3027 da

157 3067 305 3132 industria
333 3069 450 3134 mentiti
472 3078 503 3136 ct
525 3071 681 3137 veritatem
709 3071 837 3137 scientes
859 3070 1062 3137 dissimulasse
1090 3070 1237 3158 comperti
1259 3070 1388 3150 luerint,
1422 3070 1459 3134 ab
1491 3069 1527 3134 iis
1556 3067 1674 3156 capitali
1702 3069 1775 3137 odio
1803 3091 1869 3138 csse

157 3174 375 3245 dissidendum.
421 3182 522 3265 htqus
544 3178 574 3242 id
598 3178 696 3265 ipsum
720 3187 751 3244 et
772 3179 810 3243 ah
833 3179 1011 3267 aequalibus
1037 3179 1152 3244 suiset
1175 3201 1192 3245 a
1215 3181 1342 3265 pesteris
1364 3177 1485 3244 sibimet
1507 3177 1562 3264 ipsi
1586 3178 1734 3264 postulat,
1771 3179 1870 3245 sicubi

158 3282 236 3349 sorte
259 3284 404 3372 inopere
427 3306 482 3351 suo
505 3307 566 3352 una
589 3287 719 3353 alterare
740 3288 858 3353 ratione
880 3285 1058 3373 peccaverit.
1102 3275 1236 3373 luganue
1258 3296 1359 3352 tamen
1382 3286 1542 3352 confitetur
1555 3290 1609 3367 l⁴),
1631 3285 1747 3373 patriae
1766 3307 1870 3353 amore

158 3390 309 3469 inductus,
332 3393 493 3480 scriptores
515 3393 659 3460 inclinare
681 3416 713 3461 se
736 3395 774 3460 ad
796 3395 924 3482 patriam
947 3394 1072 3474 dehere,
1095 3395 1147 3461 sed
1170 3396 1228 3473 ita,
1250 3406 1285 3461 ut
1308 3415 1346 3460 ne
1368 3394 1439 3460 talia
1461 3393 1499 3458 de
1521 3415 1556 3458 ea
1579 3393 1767 3480 praedicent,
1790 3415 1869 3482 quaa

147 3500 219 3565 ¹sint
247 3500 339 3566 rebus
366 3502 458 3587 gestis
487 3504 653 3578 contraria:
691 3525 876 3591 quamquam
905 3502 965 3568 alio
994 3503 1061 3569 loco
1080 3509 1122 3584 55)
1145 3526 1183 3569 ne
1211 3503 1241 3568 id
1269 3503 1393 3591 quidem
1416 3502 1563 3568 historico
1585 3503 1740 3581 concedit,
1778 3524 1872 3591 quern

158 3630 259 3694 neque
282 3610 449 3676 amicorum
472 3633 572 3699 neque
595 3613 709 3699 patriae
731 3612 848 3677 ratione
871 3612 972 3678 hahita
996 3612 1069 3678 dicit
1089 3633 1178 3700 saepe
1201 3612 1325 3700 quidem
1348 3610 1385 3675 de
1400 3609 1538 3683 hostilis
1559 3611 1635 3676 bene
1656 3610 1740 3698 loqui
1756 3632 1871 3698 eosque

159 3718 286 3783 summis
308 3740 417 3784 ornare
440 3719 579 3786 laudibus
602 3721 727 3798 dehere,
761 3743 830 3787 cum
854 3721 884 3786 id
907 3720 983 3787 lacta
1007 3721 1141 3808 ipsorum
1171 3719 1338 3806 postulent,
1373 3739 1592 3805 nonnunquam
1615 3740 1688 3785 rero
1710 3718 1870 3805 reprehen-

160 3823 233 3890 dere
255 3826 300 3891 rel
324 3828 455 3892 maxime
478 3828 673 3905 necessarios,
695 3849 764 3893 cum
788 3828 817 3893 id
840 3838 961 3913 peccata
986 3828 1016 3893 in
1039 3829 1129 3895 rebus
1144 3828 1292 3915 susceptis
1313 3827 1444 3893 admissa
1465 3826 1609 3912 llagitent.
1653 3827 1702 3892 Ex
1716 3825 1763 3891 his
1778 3827 1872 3912 igitur

160 3935 259 4001 verbis
282 3943 415 4020 apparet,
439 3935 616 4002 historicum
638 3936 756 4024 Polyhii
778 3938 926 4003 sententia
948 3958 1069 4015 eorum,
1092 3938 1144 4024 qui
1167 3959 1216 4003 ros
1238 3944 1360 4022 gemnt,
1383 3935 1520 4022 personis
1542 3934 1653 4000 relictis
1675 3932 1713 3997 ad
1736 3933 1871 4019 ipsarum
1928 3944 1937 3965 '

159 4062 262 4109 rerum
291 4052 443 4129 gestarum
466 4044 615 4110 rationem
638 4045 781 4132 adaptare
805 4046 918 4133 judicia
949 4067 1002 4110 sua
1026 4045 1144 4112 debere.
1188 4046 1271 4110 llaec
1294 4044 1342 4109 illa
1366 4051 1450 4119 sunt,
1487 4064 1566 4130 quae
1588 4041 1732 4129 Polybius
1759 4040 1797 4106 ab
1827 4040 1872 4106 hi·
1923 4090 1926 4097 .

160 4151 272 4216 storicn
295 4153 442 4238 postulat;
474 4153 572 4219 ah'eo
595 4162 714 4232 contra,
737 4154 791 4242 qui
810 4154 921 4242 judicis
943 4163 1042 4241 partes
1064 4154 1127 4239 agit
1143 4159 1201 4236 ⁵⁶),
1223 4162 1259 4219 ut
1279 4152 1441 4239 scriptores
1463 4172 1526 4218 non
1549 4172 1587 4216 ex
1610 4150 1661 4228 iis,
1684 4169 1764 4236 quaa
1786 4169 1871 4235 prae·

161 4260 359 4340 termisarint,
396 4261 548 4338 aestimet,
583 4283 687 4328 rerum
710 4285 748 4328 ex
771 4263 822 4340 iis,
859 4283 939 4348 quaa
960 4260 1106 4338 dixerint,
1139 4282 1175 4327 ao
1196 4261 1220 4326 si
1245 4260 1318 4349 quid
1340 4260 1405 4326 lalsi
1430 4260 1461 4324 in
1483 4259 1530 4324 his
1558 4256 1806 4345 deprehenderit,
1841 4265 1873 4325 et

172 4368 211 4435 lla
232 4392 271 4435 ex
293 4368 483 4455 ignoratione
504 4390 570 4434 esse
592 4371 802 4456 praetermissa
824 4370 913 4454 sciat3
936 4370 983 4435 sin
1004 4370 1106 4436 omnia
1129 4369 1240 4435 luerint
1263 4391 1342 4447 rera,
1365 4384 1445 4456 quae
1468 4367 1615 4444 dicantur,
1638 4365 1791 4443 ooncmat,
1816 4366 1883 4436 istu.

163 4499 287 4566 quoque
306 4477 431 4566 judicio,
455 4499 516 4542 non
539 4477 706 4562 ignorantia
729 4479 820 4548 sileri.
1647 4498 1650 4503 ’

230 4653 277 4724 50)
296 4651 389 4707 Livius
413 4652 582 4725 frequentior
605 4660 645 4708 est
662 4652 691 4707 in
716 4636 838 4708 lontibus'
855 4650 984 4723 citandis,
1015 4649 1123 4722 parcior
1140 4648 1283 4720 Polybius.
1315 4664 1398 4719 quem
1423 4655 1449 4702 et
1472 4647 1540 4702 alios
1563 4656 1670 4718 praeter
1689 4646 1808 4703 Fabium
1827 4647 1869 4701 in·

161 4739 283 4813 aperisse
302 4739 447 4810 scriptores
464 4740 493 4795 in
512 4738 626 4795 historia
645 4739 710 4794 belli
720 4739 816 4795 Punici
834 4738 947 4795 secundi
965 4747 1096 4793 testantur
1113 4737 1181 4792 haec
1199 4736 1282 4791 verba
1301 4736 1356 4804 (lll.
1367 4752 1389 4790 c.
1403 4737 1446 4806 b):
1462 4737 1562 4790 Ἔνιοι
1582 4740 1607 4789 δν
1627 4739 1673 4789 τῶν
1691 4736 1875 4809 συγγραφότων

161 4831 208 4891 τὰς
225 4824 277 4882 κατ’
294 4825 407 4896 Ἀννίβαν
423 4827 529 4895 πράξεις.
783 4880 789 4894 ,

229 4913 276 4983 51)
296 4929 318 4967 c
340 4914 371 4968 13
389 4921 453 4967 extr.
473 4944 505 4954 -
523 4913 570 4983 52)
587 4913 682 4985 Polyb.
700 4913 733 4968 ll.
751 4930 772 4968 c
790 4914 825 4968 5n
853 4913 891 4969 10.
912 4944 943 4953 -
961 4913 1008 4981 53)
1025 4910 1085 4967 llll.
1103 4926 1124 4965 c
1143 4910 1167 4966 7.
1185 4908 1258 4964 XVl.
1276 4925 1298 4964 c.
1316 4907 1358 4964 20.

229 5001 276 5066 54)
296 4998 368 5055 XVI.
387 5015 408 5054 c.
429 4999 467 5054 14.
485 5000 522 5054 h:
540 5006 587 5058 Δεῖ
603 5001 682 5071 ῥοπὰς
699 5003 796 5056 διδόναι
810 5013 866 5063 ταῖς
883 5001 965 5055 rshro'n
983 5007 1083 5074 πατρίσι
1101 4999 1161 5060 τοὺς
1177 5006 1340 5071 συγγραφέας.
1376 4994 1449 5051 XVI.
1468 5010 1490 5049 c.
1512 4993 1551 5048 17.
1570 4993 1593 5049 d.

217 5087 358 5158 <abile
379 5086 635 5156 lc-auyvta
659 5087 740 5143 list
1627 5150 1671 5215 2*
