4560 6030
947 415 1063 424 w..
1127 372 1150 445 q
1228 412 1330 422 ....

276 564 478 646 appingamus
498 561 591 642 atque
612 551 704 618 etism
723 567 834 616 amnas
854 562 1075 636 uonnuqnem
1090 547 1267 615 verisimiles
1286 548 1478 636 morso
1500 547 1591 614 table
1610 548 1682 626 siut,
1699 547 1802 641 ‘ipsam
1815 556 1994 635 tamenqsu

276 686 317 753 qr
336 664 372 753 in
393 662 511 730 dm
526 659 691 726 hominurn
713 675 779 725 seso
797 655 955 723 insinuare
976 665 1008 722 ct
1030 653 1124 723 modo
1142 655 1302 724 coemtin
1325 656 1386 722 ri·
1406 674 1494 722 surm
1517 653 1549 721 iu
1570 655 1670 722 lenem
1689 655 1797 740 edm,
1817 655 1918 724 amodo
1931 655 1993 725 dit

277 768 421 857 fficio
439 769 633 835 obscurum
655 774 763 853 rupte
784 765 814 832 ri
835 763 971 851 deniqne
990 764 1111 830 sincere
1128 773 1162 831 ot
1175 765 1331 832 victorium
1351 763 1392 829 de
1408 763 1572 830 mendacio
1590 771 1757 850 ropormrn
1777 762 1888 846 Pium
1905 785 1994 852 prae

278 854 370 945 ads
388 892 454 959 ,sen
476 874 602 961 morto
629 893 722 961 qum
752 872 792 939 m
812 884 936 938 meru
951 870 1049 958 yae«
1070 869 1216 959 sayna.
1237 874 1267 941 o
1289 871 1471 958 manarum
1493 890 1512 936 s
1534 871 1794 938 consulumue
1813 873 1993 939 summo

273 982 483 1073 ponderent
500 991 537 1048 et
557 979 768 1059 eminendo,
790 980 817 1046 is
838 978 977 1047 omnium
999 988 1247 1065 repertorum
1269 979 1396 1046 euobis
1409 979 1571 1047 allatorum
1586 978 1993 1047 antonomum-stultae&
2083 1007 2086 1016 ·

276 1090 489 1180 ipmmdebit,
510 1089 596 1156 idum
617 1110 681 1155 nou
702 1089 804 1155 coln
826 1088 976 1176 potuine,
998 1086 1051 1152 sed
1073 1086 1165 1153 etiam
1187 1088 1319 1155 soluisse
1338 1104 1441 1152 reram
1463 1087 1571 1153 litteris
1584 1087 1737 1154 mundare
1757 1088 1927 1166 historiam,
1945 1089 1991 1156 'n

278 1199 447 1266 muman
468 1196 540 1264 indo
561 1196 791 1284 neuportum
812 1196 962 1262 lssltonun
985 1196 1172 1263 Punicorum
1193 1196 1280 1284 requi
1301 1204 1405 1281 posset
1423 1194 1533 1260 ducem
1554 1195 1605 1260 uix
1627 1195 1787 1261 mmmm
1809 1205 1860 1272 ¹⁰).

1000 1431 1076 1517 (te
1114 1436 1178 1516 ut
1207 1422 1285 1518 n.

452 1586 510 1681 llo
536 1584 713 1701 omullo,
743 1586 840 1704 quot
870 1584 1049 1705 Polyblus
1076 1453 1115 1681 ‘lui
1144 1609 1259 1706 opero
1285 1584 1556 1682 musorilcnto
1585 1592 1740 1681 nocuus
1766 1596 1843 1682 ost

374 1768 528 1861 Polybius,
549 1774 603 1860 qui
620 1773 711 1838 uitam
735 1770 813 1838 inter
829 1771 920 1838 miras
943 1770 1081 1839 fortunae
1096 1770 1315 1839 vicissitudines
1337 1770 1399 1858 egit
1421 1771 1610 1860 patriamque
1625 1791 1710 1837 suam
1732 1780 1762 1837 et
1782 1766 1905 1839 liberam
1921 1770 1996 1840 ridit

288 1886 319 1944 et
340 1875 547 1945 Romanorum
570 1879 700 1966 imperio
722 1880 897 1968 subjectam,
921 1878 952 1944 id
974 1878 1031 1946 sibi
1055 1881 1228 1969 proposuit,
1249 1889 1285 1946 ut
1306 1902 1366 1969 qua
1389 1879 1506 1946 ratione
1528 1888 1558 1947 et
1580 1901 1642 1968 quo
1665 1896 1765 1945 rerum
1788 1878 1997 1948 administran-

285 1988 396 2053 darum
420 2004 530 2074 genero
553 1990 591 2067 ll)
613 2006 719 2052 omnes
740 1984 804 2054 iere
825 1990 920 2055 totius
942 1989 1024 2054 olbis
1047 1998 1195 2056 terrarum
1217 1990 1355 2075 legiones
1378 1986 1455 2054 intra
1473 1989 1560 2054 ‘Lllb
1584 2004 1678 2053 annos
1701 1988 1758 2053 sub
1779 1989 1869 2054 unius
1892 1979 1995 2076 populi

279 2092 417 2162 ‘Rotnani
441 2092 601 2182 imperium
625 2092 753 2161 inissent
775 2096 922 2174 redactae,
944 2095 1070 2163 Graecis
1085 2102 1131 2178 rs)
1153 2094 1324 2185 explicaret,
1347 2117 1532 2185 quamquam
1549 2117 1609 2161 non
1627 2096 1792 2181 ignorabat,
1815 2094 1908 2162 libros
1922 2110 1994 2163 suot

277 2206 420 2271 ¹ltrauime
436 2203 465 2268 in
481 2202 688 2269 Romanorum
706 2220 813 2269 manus
828 2189 894 2270 esse
910 2214 1062 2282 venturos,
1085 2227 1180 2297 quuyn
1197 2204 1448 2292 praeclarissimae
1471 2227 1506 2271 ac
1522 2204 1669 2291 plurimae
1684 2224 1732 2270 res
1748 2196 1995 2290 populiiiomani

278 2314 326 2379 iis
348 2308 577 2378 continerentur
598 2316 646 2389 lt).
690 2317 794 2399 atquc
814 2312 895 2378 haud
918 2326 1057 2399 perverse
1081 2322 1238 2401 propterea
1262 2310 1282 2378 ii
1301 2312 1452 2400 judicasse
1476 2311 1623 2389 ridentur,
1646 2309 1699 2399 qui
1714 2310 1873 2399 Polybium
1890 2309 1995 2379 dicunt

289 2418 489 2486 otilomanos
511 2414 689 2485 et'Graeuos
704 2419 880 2505 respexisse,
904 2440 999 2508 quum
1023 2423 1172 2507 egregiam
1196 2420 1274 2487 illam
1298 2422 1476 2487 senientiam
1492 2442 1554 2487 non
1575 2420 1668 2487 semel
1682 2428 1799 2487 tentum
1816 2420 1994 2499 enuntiaret,

289 2527 392 2594 multis
414 2548 463 2592 res
486 2525 634 2591 maximas
657 2526 733 2591 bene
756 2535 864 2612 gestas,
888 2528 999 2615 quibus
1014 2537 1094 2594 recle
1110 2530 1154 2595 uti
1171 2528 1327 2605 nescirent,
1350 2530 1479 2596 euasisse
1494 2528 1616 2595 tandum
1632 2527 1909 2615 perniciosissimas,
1933 2550 1995 2596 nou

289 2634 394 2722 paucis
416 2642 520 2700 contra
543 2653 629 2697 casus
651 2632 853 2718 gravissimos,
877 2656 972 2723 quum
996 2658 1144 2722 generoso
1166 2659 1218 2704 eos
1232 2637 1334 2703 animo
1356 2636 1477 2713 ferrent,
1500 2637 1647 2703 maximas
1662 2658 1751 2724 saepe
1766 2635 1910 2702 utilitates
1925 2658 1994 2702 con·

290 2742 435 2808 ciliavisse
453 2749 505 2820 ²⁰).
550 2742 704 2807 Romanos
732 2743 813 2809 enim
842 2744 923 2810 hisce
953 2745 1051 2811 verbis
1081 2744 1218 2811 hortatus
1247 2753 1306 2823 est,
1341 2753 1376 2811 ut
1402 2744 1554 2831 sapienter
1580 2744 1663 2811 orbis
1689 2754 1838 2811 terrarum
1868 2744 1995 2833 imperio

160 2900 166 2907 -
290 2858 458 2927 uteremur,
481 2848 614 2916 Graecos
634 2858 750 2928 souma,
771 2859 808 2916 ut
828 2851 923 2937 patria
944 2853 1004 2918 snb
1025 2852 1186 2940 imperium
1207 2852 1310 2940 populi
1326 2851 1457 2920 Romani
1479 2851 1689 2940 ditionemque
1708 2851 1868 2940 mabjenota
1889 2851 1996 2940 aequis

180 3002 186 3020 .
290 2959 490 3025 calamitatem
514 2958 622 3023 animis
650 2958 771 3025 ferrent
827 2960 886 3026 Sed
915 2961 939 3025 si
963 2961 1107 3049 Polybius
1134 2961 1208 3028 nihil
1237 2960 1317 3027 aliud
1346 2982 1438 3048 opere
1465 2982 1521 3027 suo
1549 2959 1668 3027 efficere
1695 2959 1853 3037 voluisset,
1880 2959 1938 3027 nisi
1961 2967 1996 3025 ut

290 3066 415 3136 Graecis
438 3065 675 3151 magnitudinem
698 3066 887 3156 gloriamque
910 3066 1028 3155 imperii
1044 3069 1173 3134 Romani
1189 3078 1257 3135 ante
1272 3069 1376 3135 oculos
1385 3076 1525 3156 poneret,
1549 3090 1705 3157 nunquan
1721 3090 1788 3134 eam
1803 3067 1859 3135 sibi
1875 3066 1996 3136 laudem

290 3173 371 3264 apud
394 3183 532 3262 posteros
555 3174 727 3261 parauisset,
748 3196 840 3264 quam
863 3196 966 3242 revera
989 3175 1116 3263 adeptus
1138 3186 1192 3247 est.
1222 3176 1349 3243 Accedit
1363 3177 1443 3243 enim
1459 3176 1496 3241 ad
1512 3177 1671 3243 consilium
1695 3172 1778 3256 illud,
1799 3175 1882 3265 quod
1907 3175 1996 3243 letius

289 3293 387 3373 patet,
415 3282 566 3381 singulare
588 3278 756 3371 quoddam,
780 3282 862 3372 quod
886 3284 917 3350 in
938 3307 976 3351 eo
999 3285 1141 3361 cernitur,
1165 3285 1245 3373 quod
1268 3286 1325 3373 ipsi
1347 3285 1387 3352 sit
1407 3283 1531 3352 historia
1560 3307 1629 3352 cum
1652 3285 1793 3372 magistra
1815 3285 1909 3361 uitae,
1931 3292 1997 3351 tem

261 3415 265 3429 ·
290 3392 447 3460 uerissima
463 3390 611 3457 institutio
628 3390 880 3480 praeparatioque
895 3392 932 3457 ad
950 3392 1165 3479 rempublicam
1182 3392 1358 3478 gerendam
1380 3416 1474 3481 quare
1490 3416 1546 3461 suo
1558 3395 1637 3482 y'ure,
1653 3392 1682 3458 id
1699 3393 1781 3480 quod
1797 3391 1995 3480 Thucydides

290 3501 340 3567 cui
362 3497 636 3586 Megalopolitanus
659 3499 796 3585 proxime
819 3499 935 3565 accedit
964 3501 994 3564 in
1023 3500 1147 3566 historia
1169 3501 1339 3579 scribenda,
1366 3502 1404 3567 de
1426 3525 1483 3569 suo
1506 3523 1598 3589 opere
1619 3499 1787 3588 praedicat,
1824 3506 1932 3590 κτῆμα
1954 3510 1998 3583 aie

291 3611 339 3678 ἀεὶ
360 3613 496 3696 μᾶλλον,
519 3603 539 3690 ἢ
561 3605 730 3694 ἀγώνισμα
753 3616 797 3687 εἰς
819 3605 857 3676 τὸ
880 3613 1079 3698 παραχρῆμα
1102 3607 1229 3679 ἀκούει-α
1243 3616 1286 3691 ²¹)
1307 3631 1377 3675 suas
1401 3611 1540 3678 historias
1559 3608 1703 3695 Polybius
1725 3607 1825 3673 dicere
1840 3609 1996 3695 potuisset

283 3714 426 3819 'literque
449 3713 485 3779 ad
508 3714 726 3801 rempublicam
748 3715 933 3780 tractandam
957 3714 1073 3780 delatus
1095 3725 1125 3781 et
1147 3717 1177 3781 ln
1201 3716 1289 3783 rebus
1312 3717 1450 3785 civilibus
1477 3740 1512 3783 ac
1542 3716 1655 3783 bellicis
1678 3725 1811 3781 versatus
1839 3715 1996 3781 historiam

290 3844 356 3888 esse
379 3822 551 3887 futurorum
579 3843 616 3887 er
644 3820 813 3908 praeteritis
842 3822 1106 3909 prudentissimam
1143 3824 1350 3911 conjectricem
1382 3827 1496 3912 optime
1529 3825 1676 3891 intellexit
1712 3833 1804 3911 atque
1838 3831 1998 3910 propteroa

291 3952 383 4016 opera
406 3951 470 4005 sua,
494 3928 524 3993 in
548 3926 659 4014 quih'us
682 3927 828 3995 laetorum
852 3941 1077 4017 eventuumque
1100 3932 1288 4017 sagacissima
1309 3934 1469 4020 explicatio
1499 3912 1647 4010 cernitur,
1669 3955 1686 3998 e
1708 3930 1805 3997 causis
1830 3929 1996 4017 principiis·

291 4060 351 4127 que
374 4037 437 4103 suis
459 4035 595 4123 repetita,
619 4056 725 4101 eorum
748 4037 939 4123 potissimum
964 4041 992 4104 in
1017 4038 1156 4104 manibus
1178 4060 1241 4105 csso
1258 4040 1360 4115 voluit,
1383 4040 1436 4127 qui
1459 4041 1490 4105 in
1513 4041 1666 4127 republica
1682 4036 1917 4105 administranda
1932 4058 1997 4105 ser·

290 4155 431 4210 serentur
445 4150 497 4224 22).
540 4142 611 4209 Non
635 4144 765 4209 muitum
789 4144 881 4231 igitur
903 4169 919 4211 e
944 4164 1015 4214 roro
1030 4146 1237 4212 oberrabimus
1251 4148 1393 4225 dicentes,
1416 4148 1575 4236 Polybium
1591 4150 1682 4214 libros
1704 4167 1776 4212 suos
1791 4147 1997 4234 composuisse

292 4252 329 4321 ad
353 4253 506 4339 exemplar
527 4250 720 4339 Thucydidis,
742 4252 871 4318 sollertis
893 4254 972 4321 illius
995 4254 1186 4342 explicatoris
1208 4277 1365 4322 causarum
1388 4263 1418 4320 et
1440 4264 1617 4330 eventuum;
1646 4255 1702 4320 bac
1723 4254 1804 4319 enim
1828 4254 1858 4319 in
1880 4275 1913 4319 re
1936 4253 1996 4321 rior

291 4360 421 4448 positam
445 4381 510 4424 esse
534 4364 592 4442 τῆς
612 4362 842 4449 πραγματικῆς
870 4369 1033 4455 ἱστορίας,
1062 4363 1141 4428 unde
1171 4364 1244 4429 baec
1272 4364 1349 4430 ratio
1373 4362 1516 4429 bistoriae
1538 4363 1713 4430 scribendae
1735 4383 1845 4427 nomen
1873 4362 1997 4450 accepit,

292 4466 381 4533 nobis
407 4484 585 4555 persuasum
615 4475 667 4531 est
715 4466 858 4553 Polybius
886 4470 950 4554 ipse
982 4471 1019 4534 de
1046 4492 1102 4535 suo
1131 4492 1222 4557 opere
1249 4472 1376 4559 loquens
1404 4472 1524 4557 saepius
1546 4478 1770 4562 πραγματείας
1797 4470 1997 4550 voce-utitur,

363 4644 404 4714 lt)
420 4641 477 4710 oui
494 4642 572 4712 plora
591 4639 690 4712 cupiet
707 4642 755 4695 llr.
768 4640 880 4698 Lucae
895 4642 1126 4712 elegantissima·
1142 4642 1217 4698 illam
1232 4644 1489 4699 sementationem
1507 4645 1594 4703 adsue
1612 4657 1666 4714 qur
1683 4642 1714 4698 ln
1730 4641 1783 4697 bac
1799 4642 1999 4716 dispulsaionis

291 4741 401 4789 nostrae
419 4736 495 4800 parte
512 4728 555 4783 usi
573 4744 681 4783 sumus:
700 4731 779 4786 llcltr
798 4731 925 4800 tlolpblut
944 4731 1101 4799 votbrssnnq
1119 4732 1164 4785 lei
1181 4729 1325 4797 hrtolltbco
1341 4729 1457 4787 metet.
1493 4733 1571 4799 urm
1588 4732 1668 4794 thill-
1699 4725 1858 4802 tinlqthrrq
1878 4732 1952 4787 reru

293 4821 337 4888 l'i)
356 4816 450 4888 Polyb.
469 4814 488 4869 l.
506 4830 528 4868 c.
549 4814 571 4867 l.
588 4816 613 4868 5.
631 4819 683 4876 πῶς
700 4823 741 4869 καὶ
756 4823 805 4870 τίνι
821 4824 884 4886 yires
901 4823 1026 4878 πολιτείας
1097 4814 1156 4870 toll.
1174 4815 1219 4869 ΙΙΙ.
1237 4832 1259 4869 c.
1283 4818 1302 4868 Ι.
1320 4816 1344 4868 4.
1375 4846 1406 4859 -
1434 4816 1478 4885 18)
1497 4816 1592 4888 Polyb.
1610 4816 1629 4870 l.
1646 4832 1669 4870 c.
1685 4818 1712 4871 d.
1729 4814 1753 4870 7.
1778 4847 1811 4857 -
1842 4816 1884 4886 lli)
1901 4818 2005 4895 Polyi)⁸

284 4902 532 4964 militem
557 4928 589 4943 -
611 4901 660 4972 ὥ)
679 4901 923 4973 Pompule&
945 4900 1077 4958 ΗΜ
1113 4930 1145 4941 -
1181 4901 1585 4973 ttlmydleffloolt
1621 4902 1878 4975 Polyblllctll.
1898 4902 1938 4961 lu
1959 4909 2003 4963 13.

286 4991 524 5066 mammos,
540 4987 901 5061 pieqpsslrsiytynm
929 5016 960 5031 ⁶-
993 4986 1345 5059 malumminat„
1373 5020 1403 5031 -
1424 4989 1471 5055 ss)
1491 4989 1585 5060 Polyb
1603 4990 1623 5045 l.
1639 5004 1663 5044 c.
1684 4991 1706 5044 1.
1724 4991 1832 5047 bct.
1848 4991 1873 5045 1.
1889 4994 2001 5054 cer.

292 5077 338 5135 [Χ
358 5095 379 5134 c.
401 5079 423 5132 l.
441 5076 465 5130 i.
840 5108 848 5115 ,
1716 5132 1726 5147 ,

1751 5150 1793 5213 qs
