4560 6030
836 410 1220 475 *pp-„-

167 588 328 649 suctors
353 579 506 667 trajecisse
528 597 632 646 seuam
660 597 763 664 regem
786 577 817 642 in
839 576 1000 644 Graeciam
1020 577 1196 665 scripsimus
1217 578 1271 658 (cl.
1293 579 1347 652 lib.
1370 578 1512 649 mvl.
1536 606 1560 650 e.
1586 586 1636 652 td.
1659 587 1723 664 3.),
1752 590 1880 677 arigisus

165 696 341 757 sumarus·
387 689 456 754 lam
477 687 524 753 ad·
543 686 687 774 quintum
708 685 826 762 locum,
864 686 895 750 in
917 706 982 773 quo
1002 685 1148 773 Polybius
1168 687 1293 753 nomine
1319 689 1459 777 apposito
1481 703 1751 774 commemoratur,
1783 704 1879 765 bees

166 812 282 865 οιιιιιιι.
323 794 428 863 Livius
451 795 520 875 (lib.
544 794 690 861 XXXlL
714 815 740 863 o.
763 794 832 875 51.)
861 792 1091 880 ,‚Scipionem“,
1123 794 1237 881 idquit,
1269 806 1320 876 „et
1339 798 1523 887 Polybius
1541 808 1588 879 ³⁰)
1611 809 1641 868 et
1661 802 1795 869 Rutilius
1821 805 1880 872 hoe

168 926 249 972 anno
277 911 433 969 momunm
461 902 606 968 scribunt.
649 901 716 986 Ego
743 920 845 987 neque
872 900 920 966 his
946 922 1048 988 neque
1070 902 1192 969 Valerio
1219 903 1403 975 adsentior.“
1446 912 1669 994 Argumentum
1693 932 1778 989 sero,
1810 928 1880 1001 0¹⁰

166 1013 271 1080 Liuius
297 1011 410 1087 utitur,
445 1031 514 1075 cum
536 1009 731 1076 Lachmanno
749 1016 796 1084 ⁴⁰)
820 1028 943 1087 vereor,
976 1017 1013 1075 ut
1033 1010 1175 1097 cuiquam
1203 1011 1276 1078 satis
1305 1014 1425 1080 firmum
1455 1015 1593 1082 videatur
1620 1018 1658 1084 ad
1682 1019 1878 1087 refutandum

166 1120 338 1209 Polybium,
360 1116 486 1185 minoris
508 1117 659 1205 Scipionis
681 1116 868 1183 familiarem.
903 1117 1043 1212 ¹Ultimus
1065 1118 1198 1207 denique
1221 1119 1315 1198 loeus,
1338 1143 1375 1186 cx
1398 1143 1460 1209 quo
1483 1123 1572 1190 simul
1595 1136 1734 1212 apparet,
1757 1127 1877 1194 Livium

75 1297 79 1304 ,
166 1229 295 1317 Polybio
316 1246 405 1294 mum
428 1245 495 1291 osse
517 1224 675 1313 usquead
699 1225 789 1291 linem
818 1223 920 1312 operis
942 1225 989 1291 sui
1013 1226 1100 1293 nobis
1122 1228 1232 1294 serrati
1251 1237 1298 1306 ⁴¹)
1326 1229 1453 1316 ejusque
1481 1231 1680 1313 sententiam,
1717 1234 1879 1303 edomsia

167 1335 342 1404 narmtiene
368 1333 549 1419 scriptorum
570 1334 780 1400 Romanorum
809 1331 1001 1412 abhorreret,
1037 1354 1099 1400 non
1125 1334 1280 1420 indignam
1308 1334 1464 1414 habuisse,
1501 1359 1593 1426 ᾳιιιιιι
1616 1351 1877 1423 commemoraret,

167 1445 218 1512 lib.
242 1444 337 1511 XLV.
359 1464 384 1509 c.
405 1441 459 1508 Ad.
486 1440 534 1506 19.
557 1440 718 1507 invonitur.
763 1439 867 1507 Livius
887 1440 928 1508 ibi
951 1448 1062 1519 namot,
1084 1442 1222 1508 Prusiam
1245 1443 1363 1510 senisse
1385 1444 1514 1512 Romam
1537 1467 1606 1512 cum
1629 1447 1692 1516 filio
1712 1444 1879 1518 Nicomede

167 1561 198 1620 at
220 1550 295 1640 quid
316 1549 448 1617 voluerit
468 1557 500 1614 ct
513 1568 574 1636 qna
589 1570 622 1615 se
637 1549 755 1615 ratione
777 1549 912 1634 gesserit,
934 1549 1088 1636 copiosius
1109 1549 1245 1638 exponit.
1291 1550 1370 1619 Tum
1392 1553 1434 1618 ita
1457 1555 1567 1640 pergit:
1591 1557 1693 1634 „llecc
1715 1554 1755 1621 de
1770 1536 1878 1645 Prusia

167 1661 265 1729 nostri
287 1659 459 1746 scriptores.
503 1656 691 1744 Polybius
719 1678 789 1723 eum
818 1677 920 1743 regem
950 1655 1107 1743 indignum
1130 1659 1286 1745 majestate
1307 1660 1442 1727 nominis
1463 1662 1539 1728 tanti
1561 1662 1683 1731 tradit.“
1728 1664 1817 1746 Quae
1839 1664 1879 1731 ad

101 1822 107 1833 ,
168 1766 260 1835 tinem
282 1787 382 1855 usque
403 1765 510 1853 eapitis
531 1774 717 1854 sequuntur,
747 1786 784 1830 ea
805 1764 908 1831 omnia
931 1764 1036 1831 Livius
1058 1788 1096 1832 ex
1117 1765 1244 1856 Polybio
1267 1767 1335 1846 (lib.
1360 1769 1459 1840 XXX.
1483 1791 1509 1836 c.
1537 1771 1601 1849 16.)
1624 1772 1729 1839 hausit
1743 1782 1800 1853 ⁴²),
1827 1787 1880 1840 ex-

168 1887 265 1944 trema
286 1885 388 1942 tamen
412 1875 502 1939 verba
524 1910 566 1923 -
594 1881 711 1965 φανεὶς
737 1878 771 1942 δὲ
794 1878 908 1953 τελέως
930 1874 1234 1967 εὐκαταφρόνητος,
1271 1875 1444 1968 ἀπόκρισιν
1470 1882 1567 1964 ἔλαβε
1597 1881 1633 1948 δι’
1667 1878 1750 1951 αὐτὸ
1777 1885 1878 1953 τοῦτο

114 2052 118 2065 ,
168 1986 417 2080 φιλάνθρωπον
440 2022 478 2031 -
503 2004 565 2048 non
588 1990 704 2048 temere
725 1980 843 2058 omisit,
878 1989 912 2047 ut
941 2002 1020 2070 quac
1048 1982 1196 2070 majestati
1225 1990 1347 2048 senatus
1375 1983 1539 2050 officerent
1585 1986 1707 2068 Quibus
1734 1986 1808 2056 locis
1829 1988 1880 2057 de·

170 2098 273 2181 inceps
295 2089 479 2158 enumeratis
502 2089 710 2178 expositisque
732 2089 762 2156 id
785 2098 866 2155 certe
889 2089 1018 2156 sescenti
1041 2089 1193 2169 ridemur,
1220 2098 1256 2156 ut
1276 2090 1381 2157 Livius
1403 2114 1464 2158 non
1486 2094 1615 2180 amplios
1637 2093 1804 2175 humiliter,
1826 2098 1880 2165 sed

170 2198 475 2270 bonorificentissime
497 2199 536 2263 dc
558 2198 685 2284 Polybio
707 2197 837 2264 sensisse
858 2197 898 2263 sit
920 2203 1081 2284 putandus.

902 2451 977 2534 cu
1015 2458 1079 2534 ut
1104 2450 1165 2534 v.

171 2608 226 2702 lte
246 2607 361 2701 retus
386 2604 642 2724 etel'olytio
665 2618 704 2698 ct
721 2603 827 2699 livio
850 2470 1037 2720 expositis
1057 2609 1169 2720 atquc
1193 2605 1239 2699 dc
1257 2603 1420 2700 lontibus
1445 2609 1590 2726 ntdqnc
1612 2609 1882 2704 communitas.

258 2791 350 2873 Quod
374 2790 410 2857 ad
434 2791 566 2878 priorem
590 2791 682 2879 hujus
704 2789 891 2879 quaestionis
913 2797 1030 2876 partem
1053 2788 1172 2869 attimt,
1204 2790 1268 2878 jam
1295 2812 1387 2878 supra
1414 2791 1622 2859 demonstrare
1643 2793 1742 2860 conati
1765 2811 1881 2874 summ,

170 2910 202 2967 et
223 2899 350 2988 Polybio
373 2908 404 2965 et
425 2900 513 2966 Livio
535 2898 616 2965 idem
639 2899 670 2963 in
692 2897 827 2964 historiis
847 2895 1045 2963 contexendis
1067 2896 1160 2964 luisse
1182 2899 1357 2978 eonsilium,
1386 2900 1417 2965 in
1440 2922 1477 2967 eo
1500 2902 1648 2988 positum,
1676 2911 1710 2969 ut
1730 2902 1881 2969 rationem

172 3015 373 3096 exponerent,
402 3030 463 3096 qua
486 3008 570 3074 orbis
592 3016 742 3072 terrarum
766 3006 926 3102 imperium
948 3006 1079 3072 Romani
1101 3016 1201 3072 essent
1223 3008 1333 3095 adepti.
1379 3008 1431 3074 llle
1452 3009 1546 3096 igitur
1567 3010 1668 3098 operis
1690 3010 1737 3076 sui
1760 3010 1882 3077 initium

171 3116 279 3182 sumsit
302 3115 373 3180 indc
396 3136 413 3180 a
436 3115 515 3181 hello
538 3115 589 3181 illo
612 3114 721 3202 primo,
745 3113 827 3202 quod
851 3113 981 3180 Romani
1004 3115 1148 3199 gerebant
1169 3137 1239 3181 eum
1262 3116 1575 3203 Carthaginiensibus,
1606 3126 1638 3183 et
1658 3138 1707 3183 res
1728 3118 1882 3184 Romanas

172 3246 233 3290 non
256 3224 358 3288 minus
381 3223 411 3289 in
434 3223 537 3300 ltalia,
571 3244 663 3310 qoam
686 3222 717 3287 in
740 3221 848 3287 ceteris
870 3222 953 3288 orbis
980 3231 1129 3287 teramum
1151 3223 1288 3309 partibus
1317 3233 1415 3311 gestas
1445 3226 1483 3291 ad
1512 3224 1663 3292 excidium
1690 3246 1788 3313 usque
1809 3223 1882 3292 Gar·

171 3331 302 3418 theginis
325 3341 355 3397 ct
378 3329 536 3397 Graeciam
560 3329 591 3395 in
614 3330 787 3418 provinciae
809 3330 937 3396 sormam
961 3329 1111 3395 redactam
1134 3330 1274 3410 deduxit,
1311 3332 1359 3399 hie
1382 3335 1514 3401 vercae
1536 3334 1625 3402 Urbis
1647 3332 1814 3421 primordio
1837 3331 1882 3401 in-

171 3441 286 3528 cipiens
316 3461 378 3506 res·¹
393 3439 497 3525 populi
519 3438 648 3506 llomani
678 3459 776 3526 usquc
803 3440 840 3504 ad
864 3438 956 3504 Drusi
981 3446 1108 3503 mortem
1132 3438 1172 3505 ite
1196 3441 1362 3520 enamavit,
1397 3450 1430 3506 ut
1452 3442 1533 3508 haud
1561 3442 1722 3507 immemor
1743 3439 1790 3506 sui
1813 3459 1882 3526 pro

171 3549 261 3636 positi
285 3547 340 3626 (oi.
366 3547 415 3613 lib.
438 3548 587 3613 XXXIX
609 3547 652 3614 48
674 3554 766 3624 extr.)
797 3569 858 3611 non
880 3546 958 3612 oltra
986 3545 1146 3632 attingeret
1167 3555 1306 3626 externa,
1342 3549 1399 3614 nisi
1430 3571 1490 3636 qua
1512 3548 1658 3616 Romanis
1686 3547 1884 3614 cohaererent

170 3640 272 3723 rebus.
317 3657 487 3744 Utrumque
510 3676 612 3722 rerum
635 3655 812 3742 scriptorem
835 3662 994 3741 propterea
1017 3675 1106 3741 saepe
1128 3676 1257 3721 numero
1279 3677 1318 3722 ex
1341 3657 1448 3723 iisdem
1471 3650 1605 3724 sontibus
1626 3656 1777 3734 hausisse,
1800 3655 1882 3742 quia·

172 3786 232 3851 quc
256 3765 301 3829 vel
325 3786 373 3830 me
396 3763 477 3831 haud
500 3772 642 3830 monente
666 3762 751 3828 facile
774 3761 927 3828 concedet
971 3766 1112 3826 Attamen
1141 3783 1237 3850 quum
1260 3786 1298 3831 cx
1321 3764 1494 3851 naufragio,
1530 3764 1614 3852 quod
1637 3784 1690 3851 per
1714 3763 1795 3829 rana
1817 3781 1882 3827 seo·

171 3874 238 3939 cula
262 3874 361 3939 bonae
385 3873 500 3937 litterae
522 3871 673 3947 iecerunt,
697 3891 797 3957 neque
818 3869 936 3958 P'olybii
960 3890 1060 3956 neque
1084 3869 1158 3935 Livii
1180 3890 1258 3956 opus
1280 3870 1430 3955 integrum
1453 3871 1609 3937 emerserit
1631 3879 1662 3935 ct
1684 3869 1722 3934 ad
1745 3876 1881 3935 nostram

172 3990 300 4048 aetatem
324 3979 509 4067 pervenerit,
532 3978 620 4056 illud,
643 3978 727 4066 quod
751 3979 842 4044 inodo
865 3977 1115 4064 significavimus,
1143 3985 1243 4065 potest
1264 3977 1381 4043 lucilius
1404 3979 1479 4056 diei,
1508 4000 1599 4066 quam
1622 3976 1808 4063 argumentis
1831 3975 1883 4044 dc·

171 4087 344 4158 monstrari.
390 4091 539 4153 Auctores
566 4087 647 4152 enim
677 4087 714 4153 ab
742 4095 874 4174 utroque
896 4085 1044 4172 scriptore
1066 4084 1216 4152 adhibitos
1238 4086 1317 4151 inter
1339 4107 1371 4152 se
1394 4088 1582 4174 comparanti
1604 4106 1683 4154 unus
1705 4105 1772 4151 sese
1793 4084 1883 4152 effert
1920 4139 1925 4163 ,

242 4334 289 4399 39)
308 4330 415 4403 Polybii
440 4328 573 4384 sententia
596 4344 652 4382 non
676 4327 813 4382 invenitur
834 4327 905 4381 inter
927 4327 1079 4398 lragmenta
1102 4327 1149 4384 lib.
1168 4327 1268 4384 XXIV.
1286 4343 1309 4383 c.
1326 4328 1352 4391 8,
1379 4329 1428 4386 ubi
1447 4329 1578 4385 nonnulla
1603 4326 1637 4382 de
1659 4326 1883 4399 Philopoemena,

172 4420 344 4483 Hannibale,
373 4415 502 4488 Scipione
520 4413 617 4470 eodem
637 4429 710 4469 anno
728 4413 782 4469 vita
800 4413 935 4470 defunctis
957 4415 1091 4486 leguntur.
1125 4414 1255 4471 Pluribus
1273 4432 1334 4471 mm
1353 4416 1484 4488 Polybius
1502 4413 1674 4487 exposuisse,
1705 4413 1830 4486 suspicor
1847 4431 1883 4474 ex

172 4507 215 4567 se.
234 4521 305 4577 quae
321 4502 415 4560 Livius
433 4500 563 4557 xxxix.
581 4516 603 4555 c.
620 4500 663 4556 so.
686 4500 724 4555 ro.
742 4499 860 4557 innoti.

176 4588 187 4613 '
242 4610 288 4680 so)
307 4608 324 4662 1.
343 4624 364 4663 a.
383 4623 409 4679 p.
430 4605 486 4662 105.

241 4710 287 4783 41)
304 4708 414 4766 Praeter
432 4709 577 4782 Polybium
595 4725 682 4764 unum
700 4706 733 4776 Q.
752 4706 892 4764 Valerium
910 4707 1048 4763 Antiatem
1066 4708 1206 4779 usquead
1225 4709 1351 4767 ultimum
1369 4711 1462 4783 operis
1479 4708 1582 4764 librum
1601 4708 1709 4766 abitio
1727 4708 1885 4766 adhibitum

172 4798 298 4861 invenio,
322 4794 371 4851 sed
388 4804 490 4867 quanto
509 4795 682 4853 discrimine!
717 4795 811 4860 lllum,
833 4810 916 4867 quem
933 4792 1079 4851 Palatinus
1096 4803 1226 4868 tanquam
1245 4795 1331 4852 ddum
1350 4796 1448 4854 ducem
1469 4803 1643 4867 sequeretur,
1665 4795 1753 4862 hunc,
1774 4804 1804 4850 ut
1821 4809 1885 4867 gra·

172 4882 291 4942 vissimis
309 4887 421 4955 propter
439 4882 582 4939 mendacia
601 4881 864 4973 reppehensionibus
883 4879 1036 4953 exagitaret

240 4987 287 5059 «12)
306 4984 446 5043 Diodorus
464 4988 624 5058 (fragmenta
641 4988 690 5044 lib.
708 4985 810 5044 XXXI.
827 4985 888 5042 Vol
907 4984 942 5041 Χ,
960 5001 986 5056 p.
1004 4984 1021 5040 9
1039 4985 1081 5042 ed.
1099 4985 1221 5056 Wesael.)
1240 4987 1336 5043 eadem
1355 5002 1388 5041 cx
1409 4984 1539 5058 Polybio,
1564 4995 1593 5042 ut
1610 4988 1690 5052 solet,
1709 4986 1886 5058 umsseripta

171 5074 297 5138 namavit,
315 5071 368 5129 sub
380 5073 463 5129 ῆιιοιιι
474 5082 566 5130 tamen
577 5073 683 5146 adjecit,
701 5082 792 5146 patres
805 5071 944 5144 plerisque
957 5071 1029 5143 regis
1048 5072 1125 5129 dietis
1137 5071 1259 5130 offensos
1268 5074 1382 5145 dignam
1393 5072 1529 5130 adulatori
1541 5073 1751 5146 responsionem
1763 5071 1883 5130 dedisse.

1657 5159 1679 5227 2
