4560 6030
962 387 1348 459 ——8—

292 565 507 635 contineatur.r
538 564 647 652 Neque
670 582 742 630 raro
764 563 839 630 haec
860 561 981 629 dinami
1002 562 1096 639 ratio,
1118 561 1183 628 sire
1204 561 1379 646 λιτότητα,
1401 583 1463 650 qua
1486 564 1586 633 minus
1608 564 1739 644 dicitur,
1758 585 1856 654 quum
1879 569 1946 655 plus
1968 570 2014 636 ira

196 658 204 683 '
294 673 461 759 telligatur,
497 671 561 738 sira
581 679 714 758 μείωσιν
735 670 865 748 ansus,
903 691 943 736 ex
969 670 1035 756 lega
1056 669 1253 755 grammatica
1274 668 1335 736 alio
1368 690 1460 737 mesu
1488 673 1583 763 accipi
1612 681 1728 760 potest:
1766 695 1837 741 nam
1866 677 2013 763 particula

294 782 394 850 haud
415 802 477 848 non
499 779 676 867 simpliciter
697 789 728 844 et
754 777 883 855 directe,
921 776 973 843 aad
1002 797 1073 842 curn
1104 776 1301 843 fluctuatione
1329 777 1461 865 quadam
1492 789 1582 866 negm
1595 785 1641 863 ³³)
1670 783 1820 870 planeque
1847 772 2014 872 respondet

294 900 400 959 norbo
427 889 518 974 „uidi
544 888 641 967 Μ’,
671 885 714 953 ita
740 895 775 953 ut
800 885 1040 975 haudquaquam
1067 884 1258 971 spernendus
1285 894 1393 952 auctor
1417 887 1458 952 sit
1486 890 1550 971 „ein
1577 890 1648 973 ulrbt
1669 892 1735 959 eben
1762 892 1914 980 iulrgtnb
1937 895 2013 965 siner

294 999 417 1085 binim
437 1016 472 1082 gu
492 996 714 1081 onodtmusr‘,
743 993 773 1058 id
797 1001 843 1059 est
870 994 936 1075 „stu
957 993 1027 1078 mitt
1055 992 1316 1076 tmdtmturutsr
1336 993 1576 1078 (bcultremnnu
1589 999 1664 1074 ’ψ’
1706 995 1850 1065 Cetcrm
1872 1002 2012 1068 omnium

293 1107 476 1195 romptorum
498 1103 603 1168 Livius
633 1101 807 1188 saepissime
835 1120 911 1167 usur
938 1107 985 1165 est
1013 1098 1160 1167 vocabulo
1189 1099 1485 1189 haudquaquam
1515 1124 1615 1192 neque
1643 1104 1701 1170 loci
1731 1107 1861 1191 gemini,
1903 1110 1957 1196 qni
1980 1110 2013 1175 in
2066 1182 2069 1187 .

179 1218 186 1252 ;
295 1212 361 1299 ejus
384 1231 475 1297 opere
496 1210 700 1298 reperiuntur,
721 1210 760 1275 ab
773 1209 839 1275 'hac
861 1205 1031 1294 explicandi
1052 1205 1171 1273 ratione
1193 1208 1357 1275 abhorrent
1371 1213 1425 1292 ³²).
1470 1208 1593 1277 Sedne
1614 1212 1766 1298 longiores
1788 1213 1894 1292 simus,
1918 1237 2011 1303 quarn

295 1340 419 1385 necesse
441 1326 495 1397 est,
519 1319 613 1406 priori
636 1317 679 1383 illi
702 1317 769 1384 loco
792 1317 883 1384 rerba
905 1337 967 1381 non
990 1314 1116 1381 minoris
1138 1317 1326 1383 auctoritatis
1348 1317 1540 1404 adjiciamus,
1563 1338 1644 1407 quae
1666 1319 1716 1386 lib.
1735 1321 1886 1391 xllxlll.
1908 1346 1935 1392 c.
1962 1326 2011 1391 10.

278 1427 519 1513 Adleguntur.
563 1426 668 1492 Lirim
690 1425 732 1492 ibi
754 1425 873 1514 Polybii
895 1424 960 1508 (lib.
976 1423 1096 1500 xvlll,
1120 1426 1182 1489 cl
1208 1429 1291 1512 sqq.)
1320 1425 1446 1511 reahgia
1473 1447 1578 1513 presso
1606 1426 1682 1514 pede
1711 1436 1849 1506 secutus,
1879 1452 2012 1516 pugnam

295 1535 334 1604 ad
356 1534 598 1624 Cynoscephalas
626 1531 819 1600 commissam
852 1531 997 1599 describit
1027 1539 1058 1595 et
1084 1529 1123 1595 de
1152 1552 1281 1598 numero
1309 1552 1484 1611 caesorum,
1518 1534 1557 1600 de
1589 1536 1778 1622 captivorum
1806 1538 2011 1618 multitudino,

187 1653 190 1663 ⁴
296 1655 442 1736 quantam
465 1641 618 1730 Polybius,
641 1640 780 1708 Valerius
794 1640 911 1718 Antias
933 1638 974 1720 Q.
990 1636 1136 1706 Claudius
1151 1637 1373 1726 Quadrigarius
1395 1641 1564 1719 retulerint,
1588 1643 1679 1709 rerba
1701 1643 1814 1710 iaciens
1837 1645 1895 1712 hoc
1918 1647 2011 1715 modo

255 1763 257 1767 ’
295 1755 411 1844 pergit:
455 1752 538 1831 ,Nos
567 1770 629 1814 non
651 1748 779 1815 minimo
807 1748 1151 1837 potissimumnnmcro
1178 1747 1379 1828 credidimus,
1415 1749 1468 1815 sed
1491 1749 1691 1837 Polybium
1720 1754 1843 1839 secuti
1873 1776 2011 1833 snmus,

295 1883 372 1930 non
394 1860 588 1926 incertum
617 1863 818 1923 auctorem
847 1876 958 1945 quum
987 1855 1156 1921 omnium
1177 1856 1435 1923 Romanarum
1466 1878 1607 1937 rerum,
1630 1867 1716 1925 tum
1737 1863 1951 1949 praecipue
1973 1864 2012 1931 in

296 1968 456 2038 Graecia
478 1972 660 2053 gestarum·
693 1964 751 2030 llic
773 1986 898 2054 quoque
920 1965 1005 2030 locus
1026 1984 1088 2030 non
1109 1963 1268 2030 minimam
1284 1964 1401 2052 Polybii
1425 1965 1546 2032 laudern
1568 1967 1718 2041 continet;
1742 1978 1823 2034 certe
1844 1969 2010 2036 admodum
2107 1962 2115 1973 ’

295 2075 462 2144 absurdum
485 2074 653 2150 videretur,
680 2073 705 2138 si
734 2074 803 2162 quis
831 2073 889 2140 sibi
918 2071 1099 2160 persuadere
1121 2080 1240 2158 posset,
1265 2072 1385 2138 Livium
1413 2072 1452 2139 de
1482 2073 1560 2140 duce
1581 2095 1639 2141 suo
1662 2076 1809 2142 fidissimo
1833 2077 2011 2145 detrahendi

295 2207 386 2252 causa
407 2185 481 2251 haec
503 2181 666 2268 scripsisse.
712 2185 748 2246 ln
768 2180 894 2270 reliquis
917 2188 1049 2269 quatuor
1080 2179 1171 2259 locis,
1208 2179 1321 2267 quibus
1342 2181 1590 2270 Megalopolitani
1619 2185 1732 2249 mentio
1761 2185 1909 2271 injicitur,
1945 2188 2012 2274 ejus

295 2315 408 2361 nomen
435 2289 612 2378 simpliciter
640 2289 759 2375 legitur.
809 2289 930 2356 Primus
959 2288 1043 2354 locus
1073 2287 1150 2371 (lib.
1180 2289 1330 2354 xxxiv.
1353 2311 1379 2356 c.
1402 2291 1475 2366 50.)
1507 2290 1640 2377 pertinet
1667 2289 1707 2355 ad
1735 2293 1903 2359 orationem
1933 2300 2013 2363 nP.

294 2399 443 2482 Quinctio
464 2397 651 2474 Flaminino,
681 2397 821 2485 Philippo
843 2398 1048 2464 Macedonum
1074 2416 1147 2481 rege
1174 2404 1205 2461 et
1235 2396 1353 2464 Nabide
1381 2397 1691 2465 Lacedaemoniorum
1720 2405 1848 2485 tyranno
1877 2402 2011 2481 devictis,

292 2509 378 2597 apud
401 2509 515 2593 legatos
537 2505 678 2572 omnium
703 2505 888 2573 Graecarum
911 2506 1066 2573 civitatum
1088 2502 1227 2571 Corinthi
1254 2504 1399 2576 habitam,
1443 2506 1514 2587 Qua
1542 2527 1638 2594 quum
1667 2506 1821 2585 omniurn,
1854 2509 1907 2594 qui
1931 2510 2012 2576 velut

294 2617 430 2706 parentis
452 2634 540 2682 voces
563 2612 756 2693 audiverant,
784 2612 902 2680 animoa
923 2613 1111 2681 Flamininus
1138 2612 1264 2679 haberet
1289 2612 1347 2680 sibi
1378 2614 1548 2693 deuinctos,
1577 2614 1617 2681 ab
1645 2614 1703 2680 illis
1725 2614 1831 2699 legatis
1854 2616 1954 2702 petiit,
1977 2626 2013 2683 ut

296 2726 377 2793 cives
399 2726 564 2799 Romanos,
586 2720 611 2787 si
634 2721 687 2809 qui
711 2721 792 2809 apud
815 2742 868 2789 eos
889 2721 921 2787 in
944 2722 1087 2789 servitute
1108 2730 1217 2800 essent,
1240 2722 1428 2810 conquisitos
1441 2723 1529 2805 ,intra
1552 2722 1630 2789 duos
1654 2744 1773 2790 mensas
1795 2722 1952 2791 mitterent
1973 2726 2012 2792 ad

294 2856 329 2903 se
351 2834 383 2901 in
406 2829 603 2900 Thessaliam.
648 2833 805 2916 Ingentem
828 2850 990 2896 numerum
1013 2830 1103 2897 luisse
1132 2830 1211 2896 bello
1234 2831 1351 2897 Punico
1384 2831 1519 2898 secundo
1548 2839 1720 2919 captorum,
1750 2849 1828 2916 quos
1850 2833 2012 2912 llannibal,

295 2964 392 3030 quum
416 2964 434 3007 a
455 2940 518 3007 suis
540 2960 602 3004 non
630 2936 866 3016 redimerentur,
896 2938 1144 3017 venumdederat,
1174 2937 1244 3003 inde
1273 2939 1377 3005 Livius
1404 2940 1532 3026 colligit,
1560 2939 1644 3028 qnod
1674 2936 1866 3024 Polybius
1896 2941 2010 3019 scribit,

296 3057 418 3116 eentum
441 3046 561 3115 talentis
583 3066 650 3110 euna
678 3067 743 3113 rem
765 3046 896 3113 Achaeis
918 3048 1050 3125 stetisse,
1087 3067 1183 3135 quum
1206 3047 1377 3134 quingenos
1399 3049 1540 3114 denarios
1562 3048 1694 3135 pretium
1724 3045 1891 3132 incapite,
1928 3050 2011 3135 quod

295 3156 475 3225 redderetur
497 3152 643 3232 dominis,
676 3155 860 3222 statuissent
903 3154 1022 3241 Polybii
1046 3153 1142 3232 locus,
1173 3155 1205 3218 in
1228 3174 1290 3241 quo
1312 3154 1387 3221 haec
1410 3157 1600 3243 legebantur,
1629 3173 1816 3242 quamquam
1839 3155 1927 3220 nohis
1951 3178 2012 3222 non

294 3273 342 3332 est
363 3272 511 3341 servatus,
544 3271 645 3328 tamen
666 3283 684 3328 a
707 3284 778 3330 vero
800 3286 862 3330 non
884 3263 1106 3340 aberrabimus,
1140 3282 1236 3348 quum
1260 3262 1379 3329 Livium
1404 3287 1465 3330 non
1488 3266 1568 3331 illam
1591 3272 1709 3329 tantum
1732 3264 1929 3343 sententiam,
1959 3264 2012 3330 sed

204 3449 207 3457 ¹
296 3379 392 3440 totam
413 3371 619 3438 narrationem
641 3392 657 3436 e
677 3372 804 3459 Polybio
827 3373 969 3438 sumsisse
991 3370 1194 3461 conjiciamus,
1218 3370 1331 3458 quippe
1354 3393 1446 3459 quem
1469 3397 1531 3441 non
1553 3375 1703 3439 incertum
1726 3378 1884 3544 auctppem
1908 3393 2012 3440 rerum

296 3481 459 3568 praecipue
482 3480 514 3545 in
526 3478 652 3546 Graecia
675 3489 828 3565 gestarum
851 3479 973 3547 diceret
1018 3479 1132 3545 Eadem
1156 3478 1361 3544 videturesse
1384 3483 1462 3549 ratio
1484 3483 1551 3562 loci,
1575 3481 1628 3568 qui
1651 3480 1761 3566 legitur
1784 3478 1802 3542 h
1827 3528 1833 3543 .
1858 3480 2012 3560 xxxvl,

296 3609 322 3654 c.
348 3589 397 3655 19.
442 3587 550 3653 Livius
568 3587 621 3652 hic·
638 3589 756 3667 scribit,
793 3587 996 3665 Antiochum,
1030 3607 1130 3674 regem
1153 3587 1272 3674 Syriae,
1312 3597 1380 3675 post
1407 3588 1522 3654 cladem
1552 3587 1588 3652 ad
1613 3586 1829 3676 Thermopylas
1858 3598 2012 3675 acceptam

298 3697 398 3765 affuso
420 3717 512 3762 cursu
534 3695 687 3782 aufugisse
709 3718 765 3762 nec
788 3706 907 3784 praeter
929 3696 1125 3784 quingentos,
1154 3696 1207 3783 qui
1231 3697 1310 3762 circa
1332 3718 1402 3763 eum
1425 3695 1566 3774 luissent,
1599 3715 1637 3759 ex
1659 3704 1724 3759 toto
1748 3696 1884 3761 exercitu
1907 3719 2012 3785 quem·

296 3827 389 3894 quam
412 3805 568 3891 effugisse,
595 3805 670 3872 haec
697 3806 786 3871 verba
809 3805 967 3892 adjiciens;
1005 3805 1123 3883 ,Etiam
1146 3826 1184 3870 ex
1213 3805 1317 3871 decem
1340 3806 1473 3872 millibus
1500 3803 1645 3880 militum,
1681 3823 1759 3890 quos
1781 3804 1948 3891 Polybio
1969 3814 2012 3892 ³⁸)

365 3981 411 4051 35)
432 3979 472 4036 Gt
490 3979 679 4050 Stuercnburg
696 3979 731 4034 ad
750 3977 804 4034 Cic
823 3978 857 4034 de
876 3976 930 4034 ou.
948 3994 973 4048 p.
995 3975 1043 4031 125
1062 3986 1087 4033 et
1105 3994 1130 4048 p.
1151 3977 1201 4032 154
1218 3993 1257 4049 sq.

366 4067 412 4137 36)
429 4066 558 4123 Handius
578 4065 706 4136 (Petrbud)
733 4071 777 4123 brt
803 4065 954 4133 tutdultdrn
973 4065 1045 4120 etita
1068 4078 1093 4135 p.
1112 4064 1182 4134 358.)
1207 4064 1289 4136 igitur
1312 4080 1363 4120 suo
1377 4064 1440 4135 jure
1465 4062 1584 4134 scripsit:
1623 4062 1741 4126 „Auctor
1763 4078 1819 4116 non
1838 4065 2011 4133 spernendus

298 4156 380 4226 dege:
400 4154 616 4225 haudquaquam
634 4152 819 4223 spernendus)
840 4153 905 4223 lytlpt
923 4152 1051 4221 holpbtut
1071 4153 1107 4206 brt
1126 4153 1213 4210 Ptulut
1232 4155 1277 4209 mit
1297 4153 1375 4218 ntor
1393 4154 1556 4222 gertugem
1577 4150 1680 4206 tow

365 4241 412 4312 31)
431 4242 466 4296 X.
485 4258 506 4296 c
524 4241 566 4296 30.
586 4240 626 4296 tu.
644 4237 766 4310 praemia
784 4239 830 4295 illa
854 4245 1011 4309 tempestate
1037 4238 1149 4294 militiae
1177 4239 1446 4311 haudquaquam
1473 4235 1674 4309 spernenda
1705 4237 1777 4303 (redu
1795 4237 1942 4303 butruntidys
1960 4239 2000 4295 ue

297 4328 468 4399 lotnungcn);
497 4327 585 4383 xxx.
604 4343 626 4382 c.
644 4324 668 4382 l.
686 4340 772 4381 manu
795 4325 1073 4397 haudquaquam
1096 4325 1357 4382 contemnenda
1386 4326 1443 4396 (anit
1468 4327 1533 4380 einer
1557 4325 1618 4390 rrdyt
1637 4325 1800 4378 bebruttubtn
1820 4323 1996 4396 &bellicadro

295 4413 373 4468 ΧΧΙ.
390 4431 414 4471 c.
430 4414 472 4470 aa
490 4414 515 4468 2
534 4413 816 4484 haudquaquam
835 4411 966 4468 dubins
989 4413 1168 4481 (aasentias
1187 4415 1303 4483 tepent).
1338 4412 1425 4468 Pareo
1450 4410 1571 4483 quodam
1597 4407 1756 4464 discrimine
1775 4407 1867 4462 Livius
1887 4410 2013 4468 xxXlll,

296 4514 318 4554 c
337 4498 361 4553 b.
379 4499 405 4557 b.
424 4499 535 4555 scribit:
552 4500 581 4555 in
600 4516 656 4572 quo
675 4498 803 4571 (proelio)
822 4515 892 4555 non
910 4498 1093 4555 minimum
1111 4501 1185 4571 (gony
1205 4501 1342 4566 ostentare,
1363 4495 1544 4569 scantianam
1563 4496 1724 4551 Aetolorum
1743 4494 1907 4565 operaregii
1920 4496 2012 4568 legati,

295 4601 351 4658 qua
369 4585 399 4640 in
417 4603 446 4640 re
465 4587 538 4658 apud
551 4587 696 4657 Polybium
716 4584 827 4654 (xvnl.
845 4585 908 4640 ch
929 4586 980 4655 10.)
999 4586 1124 4657 legimns:
1144 4593 1293 4655 συνέβαλλον
1314 4584 1503 4658 reciperatis.
1522 4601 1543 4639 c
1561 4583 1604 4645 20,
1627 4580 1785 4636 112l0vem
1804 4580 2011 4654 Romulumque
2057 4637 2059 4643 ,

295 4675 415 4736 intuens,
434 4673 522 4727 haud
540 4671 760 4745 spernendos
777 4672 839 4727 lalsi
857 4671 927 4727 tituli
946 4681 1033 4728 testes.

364 4758 411 4829 38)
431 4758 577 4830 Polybium
594 4775 639 4815 res
655 4758 785 4816 Antiochi
809 4757 839 4815 in
856 4757 970 4816 Graecia
996 4768 1084 4830 gestas
1106 4759 1178 4815 libro
1202 4757 1333 4813 vicesimo
1358 4756 1440 4813 nobis
1468 4773 1524 4812 non
1550 4762 1655 4809 servato
1683 4752 1833 4809 memoriae
1858 4756 2012 4823 tradidisse,

294 4848 371 4903 tastis
389 4854 430 4902 cst
446 4844 648 4901 Athenaeus
667 4847 715 4916 (X.
733 4863 755 4904 c.
768 4845 825 4915 10),
843 4845 892 4917 qui
905 4845 1139 4917 eumscriptorem
1151 4844 1340 4907 secutus-aie
1358 4845 1577 4919 teropafflot'oytme
1594 4849 1618 4896 a
1635 4844 1667 4916 τῇ
1686 4842 2010 4915 aluenni-Antigonum,

295 4950 390 4990 amore
407 4929 521 5003 virginis
529 4930 716 4988 Chalcidensis
734 4933 909 4989 vehementer
925 4940 1043 5004 captum,
1061 4931 1218 5002 nuptiarum
1236 4931 1421 4988 celebratione
1441 4930 1560 4985 hiemem
1569 4925 1726 4984 Chalcidice
1744 4927 1897 4984 traduxisse
1910 4938 2010 4986 narrat.

295 5020 360 5078 llus
378 5025 501 5092 spectant
518 5017 587 5074 hirii
610 5019 695 5075 verba
717 5018 855 5090 (XXXVL
872 5036 896 5076 c.
915 5021 956 5074 15.
978 5020 1021 5089 tl:
1047 5017 1125 5087 ,iarn
1149 5026 1208 5076 tum
1225 5034 1341 5074 cernens
1365 5016 1554 5087 (Antiochus),
1579 5012 1648 5069 nihil
1674 5027 1702 5070 se
1721 5031 1754 5071 ex
1772 5013 1886 5070 Graecia
1907 5026 2014 5086 praeter

295 5123 411 5164 amoena
430 5103 559 5162 Chalcide
578 5104 693 5162 hiberna
712 5115 737 5162 et
754 5107 870 5163 infames
888 5104 998 5179 nuptias
1016 5105 1149 5177 petibus
1186 5107 1328 5162 Pramerea
1345 5106 1378 5161 cl.
1397 5101 1521 5176 ejusdem
1538 5101 1604 5158 libri
1623 5116 1644 5156 c
1665 5101 1705 5165 11,
1724 5101 1740 5155 7
1760 5101 1827 5156 etet
