4560 6030
937 330 1185 451 ἑ-ιι
1248 362 1363 448 -·-.

309 560 341 629 in
363 564 497 632 siricam
519 558 643 626 rediisse
670 558 827 643 et'patriis
847 557 965 643 legibus
986 556 1136 623 solvendis
1157 556 1297 623 melsun
1326 576 1391 622 ease
1413 564 1526 623 summ
1555 556 1738 643 reipublicae
1761 555 2023 644 Carthaginiensis

310 676 342 744 ie
364 673 455 742 unius
476 669 686 758 principatum·
700 674 832 740 mutam
865 665 1013 753 primores
1035 685 1107 731 sero
1129 663 1257 731 civitatis
1279 663 1374 742 viros,
1404 663 1530 731 consilio
1552 664 1632 731 illius
1654 664 1879 742 animadverso,
1903 687 2024 753 rraaguo

309 806 344 853 aa
371 800 521 849 consensu
547 777 585 844 ah
614 776 665 842 illo
693 773 869 862 sejunxisse.
913 771 1006 854 Quod
1027 771 1212 859 suspicatum
1234 770 1455 838 Hasdrubalem
1483 794 1521 838 ex
1543 772 1646 841 hirioa
1669 774 1949 862 excamissaatquc
1972 796 2026 840 res

180 940 185 949 ,
220 945 222 948 -
310 895 343 960 in
353 886 500 977 Hispania
522 908 560 951 ex
582 884 634 951 illo
656 891 793 970 tempore
814 902 870 968 pro
893 880 1017 946 libidine
1038 901 1095 945 sua
1115 879 1350 957 administrasse,
1373 880 1455 946 nulla
1478 880 1603 968 posthae
1623 890 1747 948 sanatus
1763 880 2029 967 Carthaginiensis

309 1000 427 1069 maone
448 992 561 1062 habita.
603 996 651 1057 lta
672 990 824 1078 Polybius.
867 989 931 1069 Qui
959 1008 1145 1075 quamquam
1174 987 1249 1053 haee
1276 985 1315 1052 de
1336 986 1526 1054 Hasdrubale
1553 989 1689 1056 aFabio
1717 990 1811 1057 relata
1840 988 2021 1074 condigna

309 1107 430 1184 babuit,
453 1122 533 1191 quae
553 1097 713 1174 refutaret,
735 1096 894 1163 Emestius
912 1103 955 1180 ⁰⁶)
977 1105 1079 1162 umen
1100 1095 1187 1162 Fabii
1210 1094 1410 1181 patrocinium
1433 1096 1563 1182 arripuit
1583 1097 1711 1185 ejusque
1733 1119 1855 1164 causam
1879 1095 2021 1174 defendit,

311 1215 395 1306 quod
429 1219 532 1277 nostra
565 1206 711 1273 sententia
750 1206 791 1304 ita
827 1212 943 1271 tantum
979 1204 1045 1270 fieri
1079 1203 1192 1291 potuit,
1238 1211 1287 1280 ut,
1333 1224 1412 1290 quae
1447 1203 1485 1269 de
1512 1204 1702 1272 Hasdrubale
1731 1207 1843 1273 Fabius
1878 1204 2021 1290 prodidit,

299 1344 381 1393 aera
403 1343 439 1387 ea
461 1340 528 1384 esse
544 1313 734 1402 argumentis
763 1313 942 1399 probaretur
964 1313 1066 1399 petitis
1093 1314 1131 1378 ab
1154 1313 1221 1378 aliis
1249 1311 1308 1377 fide
1335 1311 1434 1397 dignis
1456 1312 1665 1400 scriptoribus
1709 1316 1774 1381 Hac
1803 1335 1874 1379 vero
1902 1315 2022 1380 ratione

244 1422 245 1425 ¹
310 1429 470 1502 Ernestius
497 1414 663 1491 delensoris
685 1429 785 1508 partes
808 1441 869 1485 non
896 1419 973 1506 egit,
1009 1420 1062 1486 sed
1086 1421 1181 1487 Fabio
1204 1418 1294 1485 fidem
1317 1418 1415 1485 lacere
1437 1419 1514 1485 dixit
1543 1421 1587 1487 rel
1611 1421 1669 1488 hoc
1691 1443 1803 1499 unum,
1840 1421 1924 1508 quod
1945 1404 2022 1488 llas-

310 1539 417 1608 drubal
440 1543 546 1624 pactus
567 1539 646 1597 esset
666 1550 735 1595 cum
758 1528 905 1595 Romanis
927 1527 965 1594 de
986 1528 1125 1595 Punici
1116 1528 1235 1616 imperii
1258 1548 1312 1615 per
1334 1527 1511 1613 Hispaniam
1532 1529 1645 1597 tinibus
1672 1527 1865 1618 etquidem,
1899 1539 1934 1596 ut
1956 1531 2027 1618 ipse.

310 1646 455 1736 Polybius
483 1641 548 1724 (lib.
577 1643 634 1703 lll.
667 1659 691 1703 c.
721 1637 784 1717 27.)
819 1646 940 1714 auctor,
986 1657 1085 1725 neque
1116 1637 1254 1703 eonsralto
1292 1644 1399 1705 senatu
1434 1637 1608 1725 populoque
1631 1636 1877 1724 ,Carthaginiensi
1912 1661 2020 1728 neque,

181 1837 187 1848 Ι
276 1815 280 1831 ,
313 1763 348 1822 ut
368 1761 449 1820 ratas
470 1750 624 1837 pactiones
646 1747 784 1823 haberet,
813 1754 928 1831 rogato.
973 1744 1067 1824 Quod
1095 1745 1120 1811 si
1144 1745 1183 1810 ita
1207 1752 1300 1821 esset,
1329 1751 1365 1808 ut
1384 1743 1526 1810 Ernestio
1550 1744 1683 1823 ridetur,
1717 1747 1785 1832 plus
1807 1742 1864 1813 sihi
1888 1748 2023 1815 Hasdru·

311 1863 409 1931 halem
432 1877 587 1942 arrogasse
610 1876 671 1920 non
693 1874 881 1939 negaremus,
903 1874 995 1940 quam
1020 1852 1131 1919 liberae
1153 1852 1281 1919 civitatis
1303 1851 1436 1918 rationes
1458 1851 1578 1948 serrant
1622 1859 1664 1919 At
1685 1854 1772 1920 aliter
1794 1877 1843 1924 res
1863 1878 1896 1922 se
1916 1856 2021 1931 habet:

311 1992 383 2038 nam
405 1966 562 2053 Polybius,
585 1963 672 2049 eujus
694 1961 875 2028 auctoritate
896 1961 1055 2027 Ernestius
1076 1962 1256 2028 sententiam
1280 1974 1365 2026 suam
1389 1960 1509 2027 firmare
1531 1962 1663 2040 studuit,
1687 1963 1760 2029 nihil
1783 1964 1866 2029 aliud
1887 1964 2021 2042 tradidit,

312 2079 371 2146 nisi
394 2098 463 2144 cum
486 2071 675 2140 Hasdrubale
696 2070 851 2136 Romanos
873 2078 977 2156 pactos
999 2090 1074 2147 esse,
1097 2091 1135 2134 ne
1158 2069 1226 2135 belli
1249 2091 1340 2136 causa
1362 2069 1484 2135 lberum
1507 2092 1627 2136 amnem
1649 2072 1814 2137 transirent
1835 2071 2022 2158 Carthagini-

312 2207 408 2255 enses.
452 2181 545 2263 Quod
574 2188 676 2245 uuum
704 2200 761 2252 suo
789 2177 915 2245 consilio
939 2176 1059 2256 lecerit,
1091 2198 1129 2242 an
1159 2186 1281 2243 senatus
1303 2175 1557 2263 Carthaginiensis
1587 2179 1782 2258 auctoritate,
1816 2181 1960 2267 Polybius
1983 2202 2021 2246 ne

312 2295 405 2363 verbo
428 2290 551 2380 quidem
573 2287 831 2357 commemorarit.
876 2288 945 2352 stin
968 2293 1071 2351 eontra
1094 2287 1161 2351 loco
1180 2294 1242 2364 ⁰²),
1280 2285 1318 2350 ah
1340 2274 1481 2351 Hffiestio
1510 2307 1634 2373 prorsus
1657 2288 1781 2381 'silentio
1810 2290 2022 2376 praetermisso

312 2403 393 2470 idem
416 2397 544 2485 scriptor
565 2395 712 2472 narravit,
746 2395 938 2461 Romanos
962 2414 1021 2459 non
1045 2393 1166 2481 quidem
1190 2403 1327 2479 tempore
1348 2393 1475 2479 Sagunti
1499 2394 1624 2472 excidii,
1657 2396 1709 2461 scd
1733 2407 1837 2483 postea
1861 2397 2023 2478 dictitasse,

314 2506 530 2578 conventiones
557 2525 627 2569 cum
649 2502 838 2569 Hasdrubale
866 2501 955 2568 initas
977 2523 1033 2589 pro
1055 2500 1147 2568 irritis
1169 2523 1230 2567 uon
1260 2521 1326 2567 esse
1348 2500 1515 2579 habendas,
1552 2504 1811 2589 quemadmodum
1835 2505 1900 2570 ausi
1923 2516 2024 2572 essent

233 2622 237 2629 “
311 2613 576 2700 Carthaginienses
597 2611 712 2689 dicere,
739 2610 792 2676 sed
815 2609 1036 2676 Hasdrubalem
1058 2611 1145 2697 plena
1167 2619 1260 2698 atque
1282 2608 1419 2676 absoluta
1441 2610 1620 2678 auctoritate
1643 2612 1707 2698 ejus
1730 2614 1812 2699 pacis
1834 2613 2023 2680 conditiones

313 2725 457 2815 probasse
485 2722 566 2802 (ἀλλ’
599 2721 781 2799 αὐτοτελῶς
808 2717 985 2802 ἐποιήσατο
1014 2715 1073 2798 τὰς
1094 2716 1514 2808 ὁμολογίαςᾎοὸρούβας).
1559 2720 1667 2808 Neque
1696 2741 1766 2788 vero
1789 2721 1951 2808 Appianus
1968 2727 2023 2805 ⁶⁸),

313 2835 368 2925 qui
390 2851 629 2919 saepenumero
652 2827 737 2894 Fabii
761 2826 893 2913 vestigiis
915 2826 1065 2905 inhaeret,
1087 2847 1123 2892 ea
1144 2826 1283 2914 protulit,
1308 2846 1387 2912 quae
1407 2826 1566 2893 Ernestius
1587 2827 1748 2914 Polybium
1771 2828 1920 2895 dicentem
1944 2830 2024 2908 lacit,

314 2964 410 3033 quum
434 2941 483 3006 ille
505 2947 644 3005 senatum
666 2938 837 3004 Romanum
861 2935 975 3021 legatos
997 2933 1208 3021 Carthaginem
1233 2933 1349 2999 misisse
1370 2933 1519 3013 traderet,
1556 2937 1609 3024 qui
1638 2937 1721 3002 illum
1752 2937 1782 3001 in
1806 2936 1931 3005 modum
1954 2961 2024 3005 cum
2148 3019 2150 3022 Α

313 3046 616 3132 Carthaginiensibus
642 3045 875 3131 paciscerentur.
919 3048 964 3109 Ac
992 3043 1017 3108 si
1039 3043 1203 3126 tinioso)
1234 3064 1271 3139 ex
1299 3043 1490 3110 senatoribus
1511 3043 1810 3131 Carthaginiensibus
1831 3058 1928 3119 unum
1950 3048 2025 3115 haec
2127 3046 2130 3056 ’

315 3159 466 3225 dicentem
495 3151 624 3219 inducit:
664 3152 728 3229 ,Ne
755 3173 812 3217 nos
841 3150 963 3239 quidem
987 3150 1182 3218 Hasdmbalis
1210 3151 1331 3229 loedus,
1369 3151 1452 3238 quod
1480 3153 1591 3219 nohis
1619 3154 1757 3220 insciis
1785 3155 1852 3234 icit,
1890 3157 2025 3242 obligare
2126 3193 2129 3202 ·

316 3265 449 3356 potuit‚“
480 3262 554 3327 haec
574 3260 665 3327 verba
686 3259 821 3347 prolecto
841 3260 959 3325 ratione
980 3260 1085 3326 eadem
1105 3260 1278 3348 accipienda
1300 3269 1386 3337 sunt,
1410 3281 1470 3347 qua
1492 3262 1589 3328 oratio
1613 3262 1779 3347 legatorum
1798 3262 2025 3350 Carthaginien-

316 3376 396 3442 sium
411 3381 470 3451 ²⁰),
502 3369 554 3457 qui
579 3368 616 3434 de
638 3389 711 3455 pace
733 3369 861 3437 Romam
885 3368 967 3434 missi
991 3377 1021 3433 et
1042 3368 1163 3435 factioni
1186 3366 1333 3432 Barcinae
1355 3364 1471 3433 adversi
1494 3378 1525 3434 et
1545 3371 1734 3457 temporibus
1757 3370 1914 3452 cedentes,
1943 3375 2025 3440 llan-

316 3481 448 3550 nibalem
476 3477 627 3563 injussu
656 3485 811 3543 senatus
840 3500 900 3545 non
923 3478 1014 3565 Alpes
1036 3478 1143 3555 modo,
1180 3475 1232 3542 sed
1256 3476 1378 3541 lbcrum
1407 3497 1532 3563 quoque
1560 3487 1779 3564 transgressum
1804 3502 1860 3546 nec
1879 3483 2025 3548 Romanis

317 3590 426 3666 solum,
450 3585 502 3652 sed
525 3585 706 3679 antestium
728 3584 904 3671 Saguntinis
926 3585 1075 3672 privato
1098 3583 1262 3652 consilio
1285 3583 1397 3649 bellum
1421 3585 1557 3651 intulisse
1580 3585 1730 3652 dixerunt.

403 3737 502 3805 Priori
526 3734 658 3822 denique
681 3736 722 3801 illi
746 3736 813 3802 loco
835 3736 1108 3830 Ernestiuslalium
1131 3734 1283 3824 quendam
1305 3736 1449 3822 subjecit,
1484 3736 1644 3823 Polybium
1667 3759 1684 3803 a
1707 3737 1793 3802 Fabii
1817 3739 1965 3805 sententia
1988 3738 2026 3806 de

315 3838 506 3918 Hasdrubale
533 3863 594 3908 non
623 3843 786 3910 abhorrere
813 3844 1085 3915 demonstratums.
1129 3850 1171 3910 At
1197 3842 1287 3930 hujus
1314 3843 1372 3909 loci
1403 3844 1481 3910 ratio
1509 3845 1583 3912 haec
1604 3854 1659 3913 est.
1703 3847 1847 3934 Polybius
1869 3855 1911 3924 ²¹)
1934 3848 2026 3913 situm
2101 3896 2102 3901 η

315 3953 509 4041 Carthaginis
530 3953 635 4019 Novae
662 3951 799 4038 pluribus
826 3952 995 4032 desribens,
1034 3975 1099 4019 eam
1127 3953 1251 4029 urbem,
1287 3972 1351 4017 uno
1374 3952 1466 4017 latere
1494 3963 1638 4040 excepto,
1675 3956 1800 4021 tumulis
1822 3955 1901 4038 cingi
1924 3963 2027 4020 narrat

317 4066 411 4153 inque
432 4085 495 4129 uno
518 4082 626 4128 eorum
648 4068 799 4126 exsuucta
821 4060 914 4127 luisse
935 4066 1099 4148 βασίλεια,
1129 4061 1151 4130 ἅ
1178 4085 1308 4155 φασιν
1326 4059 1530 4150 Ἀσδρούβαν
1560 4067 1710 4144 ποιῆσαι,
1738 4067 1936 4152 μοναρχικῆς
1958 4064 2028 4153 dpe-

316 4175 457 4264 νόμενον
478 4176 634 4254 ἐξουσίας.
678 4168 762 4249 Quid
783 4169 962 4236 Ernestiusr
1010 4169 1170 4259 ,Polybius
1198 4169 1295 4256 ipse,“
1332 4169 1446 4256 inquit,
1484 4191 1568 4245 „non
1591 4167 1733 4254 abhorret
1755 4169 1793 4235 ah
1814 4191 1849 4234 ea
1872 4191 1920 4244 re;
1957 4194 2027 4237 nem

318 4282 357 4349 de
378 4279 460 4366 regia
483 4279 588 4346 Norae
610 4275 800 4363 Carthaginis
821 4277 944 4343 tradens
971 4278 1176 4366 pervulgatam
1199 4276 1272 4343 dicit
1293 4276 1469 4365 opinionem
1498 4275 1704 4353 hauniense,
1734 4285 1769 4342 ut
1789 4280 1941 4344 Asdrubal
1965 4302 2027 4346 cre-

318 4388 441 4454 deretur
470 4407 537 4452 eam
568 4385 667 4470 regni,
699 4382 783 4473 quod
805 4385 939 4473 petierit,
973 4385 1087 4452 sedem
1103 4386 1297 4452 destinasse¹⁸
1344 4391 1380 4452 ln
1410 4384 1457 4449 his
1478 4384 1611 4451 Ernestii
1641 4385 1739 4451 verbis
1767 4408 1815 4452 ros
1838 4388 1926 4452 nohis
1949 4388 2028 4455 duae

317 4494 459 4564 ridentur
481 4492 718 4582 vituperandam„
748 4515 823 4572 una,
854 4493 937 4581 quod
960 4494 1025 4559 voci
1048 4501 1133 4586 φασί
1154 4492 1292 4559 latiorem
1316 4492 1457 4560 tribuerit
1478 4493 1744 4578 significationem,
1782 4514 1873 4581 quam
1897 4517 1976 4582 quae
1998 4498 2027 4567 ei

257 4670 260 4677 ,
317 4622 423 4672 revera
446 4601 537 4681 inest,
565 4623 661 4690 quum
684 4595 756 4668 nihil
779 4601 861 4668 aliud
885 4602 942 4668 nisi
964 4601 1090 4680 lamam,
1118 4621 1275 4690 nunquam
1298 4622 1370 4667 vero
1399 4600 1663 4688 pervulgatam
1691 4601 1867 4688 opinionem
1891 4605 2027 4680 denotet;

318 4713 429 4789 altera,
464 4710 546 4797 quod
569 4732 648 4799 quae
670 4713 707 4778 ab
731 4711 796 4777 aliis
819 4711 857 4777 de
878 4709 1067 4777 Hasdrubale
1089 4708 1201 4776 credita
1224 4709 1381 4787 dicuntur,
1418 4729 1454 4774 ea
1476 4708 1635 4796 Polybium
1658 4730 1783 4797 quoque
1805 4711 1968 4779 credidisse
1990 4735 2028 4780 ex

316 4821 377 4888 hoo
399 4821 466 4886 loco
488 4826 606 4885 statuat
651 4820 812 4886 Praeterea
834 4821 960 4896 Fabius,
992 4831 1027 4884 ut
1049 4840 1139 4905 quam
1164 4818 1328 4940 absurdum
1353 4815 1443 4884 luerit
1465 4827 1633 4895 taceamus,
1667 4818 1781 4903 regiam
1804 4820 1935 4887 condere
1957 4831 2027 4887 ante

386 4995 463 5062 obit.
488 5010 559 5065 cp.
586 4994 699 5050 1oo.-
723 4994 831 5064 eom
856 4992 994 5050 chb-
1021 4989 1806 5064 ostuerehusffispantih.V1.c7.-oo)xx1
1829 4993 2028 5052 c.18.1r.-

318 5079 1785 5155 totuinxxxesseoltelo5.--.71)xelos..
